1878 3242
295 169 380 209 324
937 170 981 207 Α.
1008 170 1152 208 worth:

295 280 362 316 sed
389 279 569 317 similiter
588 279 665 317 iam
685 278 763 318 Cic.
776 279 889 318 dixit:
916 283 994 319 tam
1008 282 1248 329 yravissimis
1264 283 1428 326 iudiciis,
1455 283 1560 324 Tea:
1586 287 1664 324 tam
1683 286 1819 326 intirim

295 331 466 390 causa¹),
492 337 637 376 Fronto
645 332 698 389 ⁵³):
724 339 827 376 novit
850 368 859 376 .
884 366 894 376 .
921 368 930 376 .
956 369 965 377 .
990 351 1104 387 quam
1129 340 1395 387 cupidissimus
1419 342 1502 380 sim.
1545 342 1675 394 Atque
1700 345 1818 384 etiam

292 407 364 443 pro
402 395 677 445 comparativis
709 396 968 445 superlativos
1000 410 1088 435 raro
1118 398 1249 446 posuit
1281 401 1327 437 ut
1354 400 1436 438 200
1470 401 1564 439 imos
1594 404 1628 440 et
1654 413 1820 442 summos

294 454 429 497 dentes,
457 455 568 492 1385
594 455 802 492 novissima
825 455 973 503 syllaba
997 450 1138 507 (contr.
1156 451 1299 509 prior).

410 511 558 550 Contra
593 524 681 549 cum
717 512 765 550 de
803 512 903 550 binis
932 513 1051 552 rebus
1088 513 1236 563 agitur,
1272 526 1388 564 saepe
1417 517 1570 564 primus
1608 530 1678 567 pro
1706 521 1819 566 prior

292 570 463 618 ponitur,
488 582 724 619 quamquam
750 570 790 608 in
814 583 849 608 v.
872 572 953 610 683
980 571 1083 609 inter
1110 572 1181 610 has
1206 584 1319 611 voces
1344 576 1528 612 accurate
1552 575 1816 625 distinguitur.

293 627 483 676 Exempla
508 628 675 666 conferri
698 631 864 677 possunt
887 629 999 668 haec:
1028 631 1122 679 191,
1147 631 1244 681 309,
1265 631 1347 670 608
1369 627 1434 682 (cf.
1456 633 1536 672 607
1556 627 1700 687 prior),
1723 636 1818 683 610,

295 686 404 724 1043
426 680 625 738 (sequitur
643 680 795 738 altera),
823 687 947 736 1382,
970 689 1092 737 1529,
1114 690 1237 739 1742,
1259 691 1386 737 1767,
1407 691 1528 738 1789,
1550 692 1674 742 2117,
1694 693 1816 741 2292,

292 744 417 792 2646,
445 745 569 791 2763,
597 745 720 783 2817.

408 801 485 840 Sed
510 814 638 852 neque
662 803 735 841 hoc
758 816 884 853 neque
908 816 1008 853 quae
1032 807 1189 854 praeter
1212 806 1284 843 hoc
1308 806 1356 844 de
1380 806 1645 846 numeralibus
1679 807 1817 848 notavi

289 860 547 908 posteriorem
571 862 741 899 aetatem
766 861 949 901 indicant.
997 862 1096 900 Nam
1122 863 1236 902 solito
1266 866 1472 913 poetarum
1502 877 1608 904 more
1638 878 1709 915 pro
1734 877 1814 905 car-

289 918 485 956 dinalibus
509 918 707 957 interdum
732 919 983 959 distributiva
1006 921 1242 959 adhibentur
1266 923 1310 960 nt
1335 917 1455 975 bini3)
1487 924 1584 971 588,
1608 924 1704 973 815,
1729 924 1811 963 816

286 970 398 1028 (nam
423 976 627 1015 dicendum
653 978 754 1016 erat:
779 979 927 1026 syllaba
945 980 1147 1026 siquando
1171 980 1269 1018 duas
1284 981 1494 1028 postulabit
1517 992 1710 1026 consonas,
1735 994 1813 1021 non

285 1035 454 1081 syllabae
477 1065 486 1073 .
512 1065 521 1072 .
548 1063 556 1072 .
581 1031 726 1086 binas),
765 1037 892 1085 1129,
921 1037 1042 1075 1370.
1091 1036 1222 1086 Atque
1258 1037 1376 1076 etiam
1412 1039 1469 1077 bis
1503 1034 1664 1092 senus⁴)
1701 1041 1812 1079 1664

288 1089 363 1144 (=
389 1087 660 1146 duodecimus)
684 1095 725 1132 et
749 1095 806 1132 bis
835 1089 941 1146 seoes’)
979 1095 1088 1133 2302
1122 1097 1162 1133 et
1194 1096 1302 1134 2681
1337 1097 1378 1134 et
1408 1096 1552 1135 similia
1581 1097 1694 1135 multi
1725 1109 1813 1136 cum

286 1163 427 1199 prosae
461 1151 648 1190 orationis
681 1152 888 1201 scriptores
918 1155 1003 1190 tum
1033 1154 1172 1203 poetae
1202 1156 1496 1203 usurpaverant.
1556 1154 1611 1193 Et
1639 1156 1742 1204 quod
1770 1155 1811 1194 in

285 1221 320 1247 v.
338 1210 445 1248 1151
475 1209 634 1249 licentia
649 1210 804 1260 poetica
821 1222 915 1249 usus
934 1212 991 1249 bis
1009 1211 1127 1250 decies
1144 1223 1334 1259 unumque
1351 1224 1470 1260 supra
1487 1213 1659 1261 dactylon
1676 1214 1812 1261 efficiet

285 1267 404 1319 dixit,
433 1268 616 1306 omnibus
640 1269 883 1318 temporibus
909 1281 1031 1319 aeque
1054 1269 1226 1308 insolens
1252 1271 1348 1308 erat.

403 1324 628 1375 Sequantur
653 1339 752 1376 quae
777 1327 825 1365 de
849 1327 1142 1376 pronominibus
1166 1327 1327 1366 dicenda
1351 1330 1460 1378 sunt;
1494 1340 1570 1378 qua
1594 1328 1634 1367 in
1657 1341 1700 1368 re
1722 1341 1810 1379 pro-

282 1383 443 1422 nomina
468 1384 680 1423 secundum
706 1384 882 1424 ordinem
905 1385 1131 1424 litterarum
1154 1386 1340 1436 disposui.

799 1619 945 1658 Index
973 1621 1301 1668 pronominum.

399 1706 566 1762 Aliquis
591 1715 680 1761 post
703 1713 779 1751 nisi
805 1714 908 1752 679:
930 1725 1022 1752 uam
1045 1715 1121 1752 nisi
1144 1715 1364 1761 insequatur
1388 1713 1518 1760 aliqua
1541 1716 1809 1752 consonantum

283 1770 417 1810 lillera.
465 1770 575 1809 Idem
599 1771 703 1819 apud
728 1772 895 1820 optimos
922 1773 1130 1820 scriptores
1160 1783 1249 1810 raro
1274 1771 1488 1819 invenitur,
1519 1772 1674 1820 saepius
1705 1771 1808 1822 apud

280 1829 526 1877 posteriores.
576 1828 633 1867 cf.
659 1829 833 1878 Draeger
855 1824 893 1867 1²
912 1830 964 1868 89
981 1841 1064 1878 sqq.

396 1882 530 1924 Alter.
569 1886 627 1925 De
652 1886 834 1937 genetivo
853 1887 900 1925 cf.
920 1901 956 1936 p.
977 1889 1074 1926 300.
1118 1887 1314 1937 Exemplis
1339 1889 1542 1936 poetarum
1561 1899 1585 1926 a
1604 1886 1729 1926 Nouio
1750 1881 1808 1926 11²

277 1958 315 1994 p.
337 1946 419 1983 253
446 1945 618 1983 collectis
644 1944 742 1983 adde
768 1944 1002 1983 Sammonici
1027 1958 1062 1983 v.
1083 1945 1162 1982 221
1191 1943 1351 1983 alterius
1375 1947 1415 1983 et
1440 1946 1522 1984 828
1547 1944 1666 1984 illius.

395 1998 483 2041 Hic.
516 2002 678 2041 Formas
703 2003 743 2040 in
768 2014 807 2041 ce
831 2005 1018 2041 exeuntes
1042 2003 1118 2041 nisi
1141 2014 1189 2041 ne
1207 2003 1361 2053 syllaba
1385 2002 1519 2042 addita
1542 2006 1633 2053 post
1650 2006 1804 2043 veteres

278 2061 487 2109 scriptores
518 2073 631 2099 nemo
662 2061 910 2110 adhibuerat,
943 2060 1094 2099 Gellius
1120 2061 1309 2110 Apuleius
1341 2061 1598 2105 Terentianus
1630 2064 1803 2101 veterem

278 2131 391 2157 usum
418 2119 660 2168 repetierunt
684 2115 749 2170 (cf.
769 2118 812 2157 L.
834 2119 884 2157 M.
909 2131 945 2168 p.
966 2120 1062 2168 386,
1088 2119 1195 2157 Neue
1220 2114 1278 2157 11²
1304 2121 1385 2158 203
1401 2114 1514 2172 sqq).
1546 2120 1674 2164 Hisce,
1700 2120 1802 2170 quod

279 2176 536 2216 Terentianus
562 2178 600 2215 in
618 2191 654 2217 v.
677 2178 758 2215 102
784 2178 904 2227 ponit,
925 2178 1029 2227 apud
1048 2177 1217 2215 Gellium
1239 2179 1292 2216 20
1317 2178 1410 2216 locis
1435 2179 1573 2227 exstat,
1591 2178 1695 2217 idem
1713 2178 1803 2217 aliis

278 2235 432 2274 casibus
464 2245 503 2274 ce
533 2235 659 2274 decies
696 2235 848 2273 addidit
877 2229 948 2288 (cf.
975 2235 1125 2285 Gorges
1155 2249 1191 2285 p.
1214 2229 1278 2287 9).
1327 2234 1536 2274 Obsoletae
1566 2238 1698 2274 autem
1727 2237 1801 2275 hae

277 2293 426 2332 formae
456 2294 577 2332 fuisse
607 2294 805 2343 videntur3
838 2305 930 2332 nam
961 2306 1198 2343 quamquam
1228 2293 1448 2332 Priscianus
1480 2288 1549 2346 (cf.
1573 2294 1682 2333 Neue
1706 2295 1732 2333 1.
1750 2290 1802 2346 e.)

278 2351 339 2389 his
364 2352 520 2390 casibus
545 2352 614 2403 qui
638 2352 678 2390 in
701 2364 721 2390 s
745 2352 967 2391 desinerent
991 2352 1215 2401 frequenter
1245 2363 1284 2390 ce
1308 2364 1332 2390 a
1360 2352 1488 2402 poetis
1515 2354 1555 2390 et
1578 2351 1800 2391 oratoribus

278 2410 495 2458 euphoniae
520 2422 639 2449 causa
663 2410 744 2449 suis
769 2410 1008 2460 temporibus
1033 2410 1125 2449 addi
1148 2410 1358 2459 contendit,
1377 2409 1419 2449 L.
1440 2409 1606 2449 Mueller
1630 2422 1652 2449 e
1675 2412 1802 2460 poste-

395 2535 429 2578 1)
454 2533 507 2569 cf.
532 2533 652 2569 lexiea
675 2534 743 2569 sub
765 2545 855 2570 voce
880 2538 962 2570 tam.

392 2584 428 2622 2)
455 2580 507 2616 cf.
533 2579 646 2615 Ebert
668 2592 703 2626 p.
726 2583 769 2616 27
794 2581 906 2626 (apud
932 2581 1054 2617 Front.
1078 2592 1114 2626 p.
1135 2584 1213 2624 180,
1233 2585 1255 2617 8
1279 2578 1335 2616 ed.
1360 2579 1478 2625 Nab.).

391 2628 428 2670 3)
454 2626 569 2662 Huius
589 2638 674 2662 usus
691 2628 859 2672 exempla
878 2627 979 2663 Neue
992 2626 1044 2662 11²
1060 2631 1124 2663 170
1138 2630 1176 2664 et
1190 2629 1319 2673 Draeg.
1334 2626 1365 2662 12
1381 2630 1445 2663 107
1460 2638 1479 2663 e
1523 2625 1616 2663 oetis
1636 2625 1753 2663 Plaut.
1767 2629 1798 2671 1,

273 2671 383 2718 verg.
406 2677 437 2717 7,
463 2673 548 2709 Hor.
571 2677 601 2717 1,
621 2673 700 2708 Tib.
725 2678 755 2717 1,
781 2674 845 2709 Ov.
865 2678 897 2718 9,
923 2672 1029 2719 Prop.
1052 2678 1083 2718 1,
1109 2675 1190 2711 Seu.
1209 2676 1255 2709 tr.
1277 2678 1307 2715 1.
1327 2672 1419 2710 Stat.
1438 2677 1471 2717 8,
1523 2673 1560 2710 il.
1582 2677 1612 2717 1,
1638 2672 1744 2708 Mart.
1764 2676 1797 2717 1,

274 2718 468 2755 Claudiani
496 2725 526 2763 1,
550 2721 711 2765 (praeter
735 2731 824 2765 quos
850 2720 982 2766 Draeg.
1008 2720 1132 2757 Manil.
1159 2721 1293 2756 Annon.
1320 2719 1442 2756 Sedul.
1466 2720 1752 2772 commemorat),
1777 2730 1798 2755 e

273 2777 403 2846 pgqsae
427 2767 581 2848 tscriptt.
616 2768 721 2803 Auct.
754 2766 839 2804 bell.
872 2767 972 2804 Alex.
1001 2771 1031 2811 1,
1069 2767 1146 2804 Liv.
1171 2771 1210 2812 8,
1250 2767 1341 2803 Vitr.
1367 2769 1406 2810 1,
1431 2765 1523 2803 Plin.
1550 2770 1589 2811 8,
1620 2765 1751 2801 Iustim
1775 2769 1791 2800 1

273 2823 295 2847 a
338 2823 425 2847 erun
445 2840 453 2847 .

389 2861 424 2902 4)
450 2859 504 2894 ef.
528 2860 631 2895 Neue
657 2850 707 2894 11³
729 2864 794 2896 170
809 2872 862 2906 sq.

388 2906 424 2952 ὅ)
451 2904 502 2942 Cf.
528 2905 629 2941 Neue
657 2905 707 2940 11²
729 2910 805 2951 174,
830 2908 959 2954 Draeg.
981 2906 1014 2941 1²
1034 2909 1112 2944 109.

1821 0 1878 65 Ἤ
