1878 3242
557 161 612 197 De
638 159 856 197 Terentiani
881 171 1052 196 sermone
1078 162 1117 196 et
1142 161 1278 196 aetate.
1615 159 1701 201 343

138 273 257 314 verbo
284 274 476 324 sequendi
501 274 678 313 additur:
714 275 798 314 685
825 285 1042 312 consonans
1059 276 1151 322 post
1174 275 1321 318 secuta,
1357 274 1440 313 717
1475 273 1516 312 U
1528 276 1620 322 post
1643 275 1702 312 in-

136 337 283 377 secuta,
321 334 429 373 1551
461 334 628 382 pedibus
653 337 745 382 post
775 335 923 372 semtis.
981 332 1109 379 Quam
1142 333 1439 384 neglegentiam
1471 333 1552 371 iam
1584 335 1704 372 antea

139 393 310 443 amplexi
335 396 429 432 sunt
447 392 664 432 Sallustius
686 390 790 443 (lug.
813 395 882 444 55,
902 394 927 432 3
947 396 1037 441 post
1058 394 1226 442 yloriam
1243 393 1434 431 invidiam
1451 394 1569 440 sequi,
1596 393 1702 442 quod

138 454 310 492 fortasse
335 452 591 503 proverbium
616 447 724 505 erat)
750 455 791 492 et
815 453 964 492 Fronto
989 448 1044 503 (p.
1067 453 1135 503 94,
1157 453 1211 491 22
1230 449 1288 491 N.'
1299 455 1390 501 post
1413 453 1514 492 diem
1531 453 1702 491 natalem

139 516 247 551 tuum
279 524 355 550 nox
390 524 488 560 quae
519 507 729 564 sequitur).
781 511 890 551 Saec.
911 511 958 551 V.
984 515 1120 550 autem
1152 511 1335 551 Paucker
1364 511 1406 550 in
1438 508 1575 551 ‘Subn
1596 508 1703 550 add?

138 585 175 622 p.
199 574 252 612 16
281 571 444 611 verbum
464 573 660 621 postsequi
684 571 884 611 interdum
910 572 1081 611 inveniri
1105 574 1250 611 monet.

830 685 1017 722 Praeter.

261 775 372 812 1302
398 775 578 823 quioquid
601 775 716 814 audis
732 777 894 823 praeter
917 775 1025 813 istas.

877 888 962 924 Pro

260 973 304 1031 1)
332 994 387 1009 =
408 978 485 1016 loco
511 977 576 1016 vel
600 978 681 1015 vice
704 975 874 1015 alicuius
898 977 976 1015 rei:

255 1039 337 1077 801
378 1036 412 1075 C
439 1037 539 1084 quod
580 1038 661 1075 eius
697 1035 895 1075 invenitur
930 1046 1046 1084 posse
1078 1037 1191 1075 subdi
1217 1049 1295 1084 pro
1329 1048 1441 1079 sono,
1486 1037 1599 1075 1164
1634 1049 1706 1084 pro

136 1099 280 1147 duplica·
301 1098 457 1146 yemina
482 1098 536 1135 est
561 1098 597 1135 εἰ
621 1107 801 1140 consona,
831 1096 944 1134 1268
963 1107 1042 1144 pro
1064 1097 1230 1143 Hominis
1255 1096 1446 1144 duplicem
1463 1097 1702 1144 subiunqere.

255 1150 302 1210 2)
330 1173 385 1187 =
399 1167 475 1206 pro
499 1157 649 1194 ratione
671 1155 738 1194 vel
756 1167 832 1203 pro
850 1157 1050 1203 portione:

257 1218 339 1256 129
365 1227 443 1265 pro
474 1215 706 1264 temporibus
732 1216 927 1264 yeminum
956 1216 1148 1254 ministret
1176 1226 1313 1259 usum,
1348 1215 1460 1254 1286
1486 1228 1564 1264 pro
1590 1219 1706 1264 captu

136 1278 294 1316 lectoris.

256 1334 478 1384 Utriusque
513 1346 609 1373 usus
646 1334 827 1384 exempla
861 1334 1100 1383 scriptorum
1134 1335 1375 1384 optimorum
1409 1355 1468 1361 —-
1502 1337 1565 1374 est
1601 1335 1706 1374 enim

137 1397 304 1446 uterque
331 1394 534 1445 legitimus
560 1415 619 1421 —
644 1393 762 1432 Hand
786 1393 845 1432 IV
872 1394 953 1433 581
975 1406 1057 1445 sqq.
1085 1394 1260 1444 collegit.

849 1507 997 1553 Prope.

258 1598 341 1638 918
361 1598 494 1645 fauces
506 1608 632 1645 prope
650 1598 768 1644 ipsas.
807 1596 872 1634 Ita
896 1595 1098 1635 interdum
1119 1596 1332 1646 scriptores
1352 1596 1557 1647 elegantes
1577 1598 1704 1638 locuti

139 1659 244 1709 sunt,
269 1657 319 1696 cf.
337 1655 485 1706 Draeg.
507 1650 544 1694 Ι2
570 1654 596 1705 ξ
612 1657 695 1694 257
717 1650 772 1706 (p.
791 1651 907 1708 588).

256 1715 335 1755 Pro
367 1715 556 1754 adverbio
581 1715 764 1765 ponitur:
804 1716 886 1755 119
910 1717 1098 1764 ρεηαὶηοε
1121 1727 1241 1765 prope
1266 1718 1319 1755 ad
1342 1718 1447 1765 ipsos
1455 1731 1469 1764 ;
1502 1730 1629 1767 prope
1653 1721 1706 1758 ad

138 1777 270 1815 Plaut.
294 1774 379 1815 Liv.
406 1773 498 1814 Seu.
529 1775 598 1814 alii
635 1774 831 1813 dixerunt.
894 1774 998 1813 Item
1039 1776 1152 1814 2829
1188 1776 1299 1814 illum
1325 1788 1452 1826 prope
1487 1778 1536 1817 ab
1570 1779 1704 1818 ultimo

130 1836 290 1886 pedem;
314 1847 363 1874 ne
390 1835 488 1873 haec
513 1834 672 1884 quidem
698 1834 922 1874 coniunctio
940 1846 1065 1883 prope
1090 1836 1139 1874 ab
1168 1834 1365 1875 inusitata
1390 1838 1488 1876 erat.

829 1947 1008 1993 Propter

136 2037 346 2090 particula,
370 2039 418 2077 ut
440 2038 546 2088 apud
571 2038 721 2077 multos
747 2039 961 2088 argenteae
987 2037 1201 2078 latinitatis
1228 2038 1442 2089 scriptores
1468 2039 1592 2089 deest,
1618 2041 1702 2080 fere

137 2111 216 2137 non
240 2099 473 2148 usurpatum
501 2097 549 2137 cf.
564 2097 605 2135 in
618 2111 654 2137 v.
669 2099 725 2136 ob.
764 2097 841 2136 Sed
862 2098 946 2137 373
967 2101 1129 2146 propter
1147 2099 1247 2146 (Ῑιιοά
1265 2098 1485 2149 invenitur3
1511 2100 1558 2139 cf.
1575 2099 1703 2140 Krebs

136 2158 178 2196 in
196 2158 234 2196 h.
253 2171 306 2198 v.:
332 2153 504 2207 ‘propter
528 2158 629 2206 quod
648 2157 727 2195 und
745 2160 906 2206 propter
923 2169 1021 2205 quae
1038 2157 1092 2196 ist
1109 2157 1161 2196 N.
1180 2158 1262 2202 Kc„
1288 2157 1355 2196 Kc.
1373 2171 1450 2197 nur
1466 2157 1703 2208 propterea?

869 2268 977 2306 Sine.

260 2360 372 2399 1297
398 2360 480 2398 sine
503 2360 581 2406 fine
605 2361 813 2408 poetarum
838 2358 937 2397 trita.
956 2360 1019 2397 est
1037 2359 1197 2410 locutio,
1224 2359 1272 2398 cf.
1293 2359 1356 2397 W.
1378 2359 1425 2398 A.
1445 2359 1464 2398 Ι
1486 2362 1585 2399 364.
1643 2361 1702 2401 De

139 2418 395 2458 collocatione
422 2419 505 2458 306
532 2419 679 2466 offensa
703 2420 786 2458 sine
812 2418 860 2458 cf.
879 2431 917 2468 p.
938 2418 1035 2457 334.

879 2531 960 2567 Sub

256 2595 287 2635 Ι.
313 2597 442 2635 locum
468 2595 684 2646 significat:

255 2651 299 2709 a)
334 2657 448 2695 1437
485 2657 555 2694 sub
594 2657 716 2695 armis
750 2655 871 2695 dictio
906 2655 1058 2695 usitata
1093 2657 1199 2708 erat,
1236 2668 1262 2695 a
1296 2656 1376 2696 Cic.
1401 2655 1514 2697 caes.
1540 2657 1624 2698 Liv.
1651 2660 1700 2698 al.

138 2715 331 2755 adhibita..
1484 2746 1491 2753 .

256 2772 301 2826 b)
326 2775 359 2813 Ε
386 2776 593 2825 poetarum
619 2787 799 2813 sermone
824 2777 1053 2825 assumptus
1079 2777 1141 2815 est
1166 2788 1265 2814 usus
1290 2776 1333 2814 in
1356 2789 1395 2815 v.
1418 2777 1503 2816 257
1523 2789 1621 2825 quae
1640 2780 1703 2818 oui

139 2836 189 2874 sit
221 2835 290 2873 sub
321 2846 387 2873 ore
415 2835 522 2873 sedes
552 2828 643 2886 (pro
674 2836 717 2872 in
741 2836 923 2882 inferiore
948 2838 1064 2883 parte
1088 2830 1198 2888 oris),
1224 2836 1272 2874 cf.
1294 2835 1414 2886 Verg.
1440 2837 1608 2876 vidimus
1631 2840 1702 2877 sub

138 2894 303 2933 vallibus
327 2894 477 2937 urbem,
509 2893 626 2943 Prop.
653 2896 735 2933 tuta
759 2895 828 2933 sub
855 2895 988 2943 exiyzw
1011 2896 1171 2942 flumine
1194 2897 1328 2934 nostra
1352 2896 1469 2940 ratis,
1496 2894 1567 2935 Ov.
1592 2898 1702 2937 silvis

141 2954 294 2992 inventa
315 2953 389 2992 sub⁴
412 2953 511 2993 altis.
