1942 3262
291 198 375 240 302
951 202 993 237 A.
1018 201 1165 237 Werth=

292 309 370 358 ille,
396 309 539 358 quippe
564 309 632 358 qui
658 310 917 359 eloquentiam
943 324 1021 350 non
1051 324 1097 350 ex
1126 312 1270 351 litteris
1296 314 1517 364 sumpserit,
1541 315 1664 355 multo
1688 316 1815 356 minus

290 367 435 405 veteris
461 367 650 405 sermonis
676 367 852 406 imitator
877 372 936 407 est
946 364 981 422 ¹)
1007 382 1122 419 quam
1150 369 1312 420 Gellius,
1337 371 1404 420 qui
1428 372 1598 411 ieiunum
1622 374 1813 413 sobrium-

290 437 364 473 que
390 425 524 462 stilum
543 425 672 463 verbis
699 428 738 464 et
763 426 1047 466 elocutionibus
1067 441 1113 466 ex
1138 428 1322 477 operibus
1341 429 1478 478 priscis
1498 430 1633 479 petitis
1651 431 1810 472 infucat.

290 484 345 520 At
370 483 560 531 Apuleius
586 496 674 521 eum
700 484 835 522 stilum
860 484 984 535 finxit,
1009 498 1124 535 quem
1149 489 1344 525 tumorem
1370 482 1589 541 Africum¹)
1613 490 1810 530 nominare

290 541 483 589 solebant3
515 541 581 579 sed
606 541 720 589 hunc,
745 541 889 591 quippe
921 556 1037 592 quem
1063 544 1321 583 Terentianus
1352 557 1426 583 non
1458 545 1635 585 imitatus
1659 547 1728 598 sit,
1752 560 1813 587 ac-

290 599 463 636 curatius
488 611 678 647 exponere
702 612 778 638 non
803 612 902 649 opus
927 604 998 640 est.

404 654 457 693 Hi
480 657 603 706 igitur
629 670 715 695 cum
747 658 953 696 clarissimi
984 660 1142 698 secundi
1174 660 1320 699 saeculi
1355 663 1533 700 auctores
1564 662 1726 714 fuerint,
1756 663 1813 703 in-

293 714 523 763 quirendum
550 717 627 764 est,
652 715 878 754 Terentiani
903 729 1027 765 genus
1051 717 1203 756 dicendi
1228 720 1361 756 utrum
1386 719 1424 757 id
1450 719 1586 767 fuerit,
1612 721 1715 770 quod
1738 733 1813 760 non

292 772 416 810 multo
441 774 530 821 post
554 773 643 811 illos
668 775 738 811 aut
762 774 896 812 eodem
922 775 1003 813 fere
1027 777 1202 825 tempore
1227 776 1381 826 vigeret
1406 789 1455 815 an
1480 778 1635 828 longius
1661 784 1813 829 tempus

290 829 394 867 inter
419 842 484 868 eos
511 833 551 869 et
576 831 854 870 Terentianum
878 832 1118 873 intercedere
1144 834 1353 873 verisimile
1378 835 1439 875 sit.

405 889 463 926 Ac
488 889 656 937 primum
681 890 837 938 quidem
870 893 914 929 ut
942 904 1015 941 par
1046 894 1106 931 est
1129 892 1176 931 de
1208 905 1385 932 sermone
1410 905 1480 932 suo
1505 893 1589 944 ipse
1614 907 1713 944 quae
1737 895 1812 935 dis-

289 948 394 983 serat
419 946 634 986 audiamus.
684 948 840 986 Etenim
865 948 904 986 in
929 950 1168 998 praefatione
1194 950 1288 990 haec
1313 951 1466 990 scribit:

561 1017 614 1055 74
629 1029 711 1067 sqq.
741 1030 789 1056 ne
811 1030 933 1057 sermo
958 1020 1175 1068 ambiquum
1199 1023 1317 1065 som,

655 1077 707 1115 75
739 1088 785 1114 ne
802 1078 975 1124 priscum
997 1079 1112 1116 nimis
1137 1083 1206 1118 aut.
1227 1079 1322 1122 leve,

740 1146 872 1173 vocum
895 1147 942 1173 ne
964 1137 1080 1175 series
1102 1137 1191 1187 hiet,

739 1204 813 1231 neu
837 1204 1014 1242 compayo
1037 1195 1194 1242 fraqosa
1217 1197 1283 1239 sit,

740 1251 798 1289 vel
822 1253 871 1290 sit
894 1253 992 1299 quod
1015 1253 1114 1291 male
1138 1254 1276 1291 luceat:
1300 1282 1309 1291 .
1329 1282 1339 1292 .
1359 1282 1368 1291 .
1387 1282 1397 1292 .

733 1321 900 1357 pompae
920 1311 1046 1358 „aloria
1069 1311 1156 1350 vilis
1181 1314 1232 1350 est

405 1397 439 1439 1)
465 1395 518 1431 Cf.
543 1395 736 1432 Piechotta
759 1409 795 1442 p.
814 1400 835 1431 8
850 1409 928 1442 sqq.

403 1444 439 1486 2)
463 1441 680 1478 Rectissime
704 1454 801 1478 nunc
825 1443 913 1479 Sittl
937 1443 976 1479 in
999 1443 1168 1480 Bursiani
1191 1445 1379 1480 annalium
1406 1445 1475 1481 vol.
1490 1449 1535 1481 68
1555 1447 1675 1491 (1891)
1697 1458 1730 1491 p.
1745 1450 1813 1482 236

288 1490 469 1524 tumorem
510 1489 674 1524 Africum
711 1491 775 1535 qni
809 1491 1010 1535 putabatur
1045 1491 1241 1526 maximam
1282 1493 1423 1536 partem
1465 1492 1645 1528 tumorem
1681 1492 1814 1538 Apulei

291 1546 369 1570 esse
395 1535 496 1570 dicit.
546 1535 627 1580 Ipse
653 1536 778 1571 decem
803 1536 878 1572 fere
903 1537 1008 1572 annis
1031 1538 1117 1573 ante
1142 1548 1162 1573 e
1191 1537 1319 1583 lingua
1344 1537 1480 1573 Punica
1508 1537 1605 1574 hunc
1633 1541 1812 1575 tumorem

233 1599 236 1605 ·
289 1582 410 1616 ortum
435 1592 516 1616 esse
541 1582 780 1618 contenderat
797 1583 907 1628 idque
926 1583 1052 1619 multis
1071 1584 1246 1629 exemplis
1264 1584 1450 1620 declarare
1469 1585 1668 1629 studuerat,
1688 1596 1813 1630 quam-

283 1635 399 1672 ‘quam
435 1639 523 1663 num
560 1627 709 1674 linguae
745 1629 906 1665 Punicae
942 1629 1119 1675 Apuleius
1156 1635 1194 1666 et
1230 1630 1378 1667 omnino
1414 1633 1493 1666 tum
1526 1630 1607 1666 Afri
1641 1631 1812 1668 notitiam

285 1675 501 1710 habuissent
525 1685 598 1711 non
623 1676 865 1720 quaesiverat.
916 1677 1043 1721 Neque
1074 1677 1288 1722 priusquam
1318 1676 1357 1712 in
1382 1677 1484 1722 vulgi
1514 1688 1717 1714 sermonem
1740 1689 1813 1714 una

287 1721 480 1756 verborum
507 1722 691 1757 structura
714 1723 910 1767 peregrina
933 1724 1166 1768 reciperetur,
1186 1725 1352 1760 sescenta
1374 1723 1488 1760 verba
1510 1724 1676 1769 inrepere
1695 1723 1812 1760 solere

287 1768 499 1802 recordatus
525 1770 616 1804 erat.
653 1768 725 1805 Sed
750 1771 792 1804 ut
815 1769 949 1814 dicam,
975 1769 1063 1814 quid
1089 1770 1134 1805 de
1160 1781 1323 1806 sermone
1342 1770 1513 1806 Afrorum
1537 1771 1706 1815 sentiam,
1730 1781 1813 1806 cum

287 1815 467 1858 quantum
492 1814 558 1850 illa
582 1816 704 1850 aetate
729 1815 767 1850 in
792 1817 871 1851 toto
896 1815 1052 1861 imperio
1071 1817 1235 1852 Romano
1255 1816 1513 1852 commercium
1538 1816 1649 1852 fuerit
1671 1818 1812 1862 reputo,

284 1860 376 1895 mihi
400 1871 473 1895 non
498 1860 649 1896 dubium
674 1863 747 1905 est,
772 1861 861 1906 quin
884 1864 927 1897 ut
951 1862 1074 1897 studia
1098 1863 1284 1898 doctrinae
1315 1863 1369 1897 ita
1399 1873 1517 1899 sermo
1548 1864 1668 1898 cultus
1700 1865 1810 1908 atque

283 1906 464 1951 imprimis
495 1908 688 1942 verborum
724 1909 906 1944 structura
943 1910 980 1944 et
1009 1909 1172 1954 syntaxis
1201 1908 1238 1944 in
1275 1907 1484 1944 universum
1516 1910 1643 1945 eadem
1676 1909 1812 1945 fuerint

283 1963 402 1998 neque
431 1954 507 1988 fere
537 1953 574 1988 in
606 1954 831 1989 eruditorum
862 1965 1027 1990 sermone
1058 1954 1286 1990 differentiae
1315 1954 1388 1990 nisi
1419 1966 1463 1990 ex
1488 1955 1667 1991 varietate
1693 1958 1731 1991 et
1754 1955 1809 1991 in-

283 1998 476 2044 geniorum
516 2003 554 2035 et
589 2001 790 2036 studiorum
827 2000 1176 2046 disciplinarumque
1216 2000 1390 2037 oriundae
1427 2001 1671 2037 inveniantur.
1726 2001 1810 2038 Alia

285 2046 383 2081 enim
408 2047 466 2081 est
489 2047 663 2091 perpoliti
689 2046 864 2082 sermonis
889 2047 1074 2092 condicio,
1099 2046 1192 2083 alius
1222 2047 1528 2093 pronuntiationis
1552 2050 1591 2084 et
1613 2048 1809 2084 vocabulo·

284 2104 367 2127 rum
393 2103 479 2127 usus
506 2092 676 2138 vulgaris.
727 2093 798 2128 Sed
824 2104 896 2139 quo
921 2093 1003 2139 quis
1029 2096 1107 2130 erat
1131 2094 1290 2139 doctior,
1315 2104 1358 2129 eo
1389 2095 1507 2140 magis
1531 2094 1810 2140 provincialium

286 2138 532 2184 proprietates
557 2140 709 2175 vitabat.
747 2140 876 2185 Itaque
900 2151 1123 2185 quamquam
1148 2141 1187 2175 in
1211 2153 1275 2176 usu
1301 2140 1503 2177 cottidiano
1527 2141 1705 2177 maximas
1729 2152 1811 2187 pro-

285 2185 490 2220 vinciarum
516 2185 738 2222 differentias
768 2187 879 2222 fuisse
909 2198 1017 2223 nemo
1050 2187 1216 2232 negabit,
1247 2187 1457 2241 priusquam
1487 2197 1594 2223 voces
1623 2187 1663 2223 in
1692 2187 1811 2223 erudi·

287 2235 407 2266 torum
435 2231 608 2276 operibus
633 2244 727 2277 quae
751 2232 987 2269 inveniuntur
1011 2234 1133 2269 certae
1157 2234 1368 2279 provinciae
1393 2233 1649 2279 attribuentur,
1674 2234 1810 2279 pleros·

286 2289 357 2322 que
383 2279 460 2313 eius
485 2278 697 2323 provinciae
723 2280 820 2315 viros
846 2290 928 2314 cum
955 2279 1097 2316 occasio
1117 2280 1266 2315 daretur
1285 2291 1329 2316 ea
1346 2290 1436 2316 voce
1457 2291 1542 2316 usos
1561 2290 1651 2322 esse,
1671 2282 1811 2316 ceteros

283 2325 478 2370 scriptores
514 2324 554 2360 in
590 2325 718 2361 eadem
753 2326 945 2362 occasione
982 2326 1201 2362 abstinuisse
1238 2326 1504 2362 ostendendum
1536 2329 1609 2370 est,
1640 2325 1679 2362 id
1712 2326 1811 2371 quod

282 2371 440 2407 maxime
465 2372 502 2406 in
527 2372 573 2407 iis
598 2371 756 2414 voculis,
787 2383 880 2417 quae
914 2372 1035 2408 ubivis
1067 2374 1282 2417 occurrunt,
1318 2374 1362 2408 ut
1384 2371 1602 2418 pronomina
1624 2373 1809 2419 praeposi·

282 2419 401 2453 tiones
426 2418 710 2463 coniunctiones,
735 2419 814 2454 fieri
838 2420 971 2464 potest.
1021 2418 1093 2454 sed
1117 2419 1156 2455 in
1180 2418 1330 2463 reliquis
1356 2419 1477 2455 verbis
1501 2420 1593 2455 haec
1619 2420 1806 2455 observari

283 2464 495 2509 saepissime
519 2476 593 2500 non
618 2466 791 2510 poterunt
816 2469 854 2502 et
870 2466 990 2501 adhuc
1014 2467 1091 2502 tam
1116 2477 1234 2511 pauca
1252 2467 1352 2501 certa
1370 2467 1470 2510 sunt,
1488 2469 1529 2502 ut
1548 2465 1593 2501 de
1614 2465 1809 2502 multorum

283 2513 503 2556 scriptorum
527 2512 650 2556 patria
673 2513 855 2549 maximae
880 2512 1126 2548 dissensiones
1151 2513 1234 2548 sint.

402 2557 473 2593 Sed
503 2559 546 2593 ut
582 2559 728 2593 redeam
766 2559 804 2594 in
842 2559 957 2603 viam,
995 2570 1089 2604 quae
1121 2560 1267 2605 praeter
1290 2558 1423 2605 Apulei
1453 2558 1610 2595 rhetoris
1639 2558 1743 2595 flores
1774 2561 1812 2594 et

282 2605 452 2640 flosculos
489 2606 638 2640 tumoris
674 2606 798 2648 Africi
832 2605 982 2651 propria
1020 2606 1202 2642 habentur
1227 2626 1268 2632 —
1294 2607 1341 2641 cf.
1366 2617 1397 2642 e.
1417 2617 1447 2642 c.
1478 2604 1702 2650 Budinszky‚
1738 2605 1810 2641 Die

282 2653 531 2696 Ausbreituny
554 2652 617 2687 der
642 2653 873 2688 lateinischen
891 2653 1050 2697 &pruche
1074 2663 1104 2689 e.
1124 2665 1160 2698 q.
1179 2664 1208 2688 s.
1234 2655 1336 2696 1881,
1354 2663 1389 2698 p.
1410 2654 1478 2688 260
1495 2672 1541 2678 —
1559 2653 1601 2687 ut
1622 2651 1736 2687 verba
1753 2662 1807 2687 in-

283 2698 456 2733 cohativa
480 2698 752 2742 frequentativa
776 2698 959 2734 intensiva
978 2699 1055 2734 sine
1080 2710 1207 2734 sensus
1231 2700 1433 2735 mutatione
1457 2697 1634 2751 adhibita,
1652 2696 1808 2733 transla-

281 2747 342 2779 tae
373 2746 411 2779 et
440 2744 606 2789 poeticae
636 2744 815 2780 dictiones
840 2766 885 2771 —
906 2745 993 2781 Sittl
1023 2746 1090 2781 has
1122 2755 1142 2780 e
1174 2744 1328 2790 Vergilii
1362 2743 1484 2780 studio
1515 2743 1660 2779 fluxisse
1689 2745 1806 2789 putat,

283 2790 347 2825 sed
374 2790 523 2826 omnino
549 2802 677 2835 prosae
710 2795 747 2827 et
776 2792 942 2838 poeticae
973 2791 1213 2836 elocutiones,
1249 2793 1443 2837 postquam
1472 2801 1540 2826 usu
1571 2790 1681 2827 tritae
1712 2792 1807 2834 sunt,

282 2837 425 2872 misceri
451 2838 570 2872 solent
584 2858 627 2863 --
643 2837 761 2873 malus
786 2837 944 2883 denique
962 2839 1155 2874 verborum
1176 2838 1276 2882 ordo,
1295 2839 1338 2873 ut
1361 2835 1586 2889 concinnitas
1611 2838 1649 2872 et
1670 2835 1805 2872 levitas

282 2882 457 2918 orationis
483 2883 590 2928 plane
616 2886 871 2920 contemnatur
895 2895 938 2920 ac
963 2883 1075 2928 desit,
1100 2885 1190 2920 haec
1221 2886 1258 2919 et
1290 2882 1382 2920 talia
1404 2882 1444 2918 in
1474 2893 1573 2919 omni
1607 2883 1808 2929 posteriore

282 2941 445 2965 sermone
470 2930 550 2975 pari
576 2930 729 2966 sortasse
754 2931 961 2975 frequentia
985 2930 1228 2967 inveniuntur.
