1878 3242
299 186 385 227 320
954 186 997 221 A.
1022 186 1169 222 Werth:

299 302 426 343 ceryx
447 296 527 333 531
550 296 605 333 sic
623 291 688 333 ἰοὺ
709 292 774 333 ἰοὺ
794 297 993 343 traqoedus
1007 296 1154 335 Graius
1172 299 1205 334 et
1223 308 1332 344 ceryx
1344 300 1474 343 sonat:
1491 297 1578 338 Seu.
1592 300 1718 350 tranq.
1731 302 1769 348 4,
1783 302 1820 339 5.

299 350 450 391 chorea
475 354 605 401 21443
631 353 742 391 Lucr.
771 353 893 402 Varr.‚
919 358 1056 403 poetae
1081 355 1167 393 aevi
1191 354 1304 404 Aug„
1331 355 1462 393 Manil.
1488 355 1601 395 Mart.
1627 356 1760 396 claud.

298 407 448 449 chorus
477 412 587 450 1958
615 413 654 448 in
679 412 833 458 tramete
850 412 1073 459 plerumque
1098 413 1220 451 choris
1245 413 1489 460 deprenditur
1506 425 1606 452 unus
1622 409 1723 467 (scil.
1737 427 1823 455 ver-

358 466 444 520 sus)
472 471 633 507 insertus
657 470 785 507 multis
807 481 883 507 ‘non
908 482 987 508 una
1013 471 1088 518 leqe
1112 472 1266 516 creatis;
1293 472 1404 509 2135
1430 472 1470 509 in
1494 473 1646 520 trayicis
1668 474 1822 512 iunxere

358 529 479 565 choris
507 528 606 565 hunc
635 522 742 579 (scil.
767 522 949 579 versum)
982 540 1094 575 saepe
1122 529 1252 567 diserta·
1281 526 1467 567 Annaeus
1493 528 1631 569 Seneca
1654 533 1694 572 *et
1716 530 1823 570 Pom-

350 587 494 633 ponius
513 588 600 623 ante
617 586 822 623 Secundus.
853 585 959 634 Ergo
979 586 1229 635 corrigendus
1249 589 1310 624 est
1328 586 1464 635 Krebs,
1489 586 1558 636 qui
1576 587 1670 626 haec
1687 588 1822 627 habet:

358 639 507 681 ‘chorus
530 644 571 681 in
591 644 659 681 der
678 643 910 694 Bedeutung
930 643 1180 692 Olaeoryesangy,
1204 645 1275 684 das
1293 645 1391 682 Lied
1407 645 1471 683 des
1489 644 1618 689 Chors,
1637 646 1690 684 iet
1706 646 1756 684 N.
1775 646 1824 686 L.

359 697 407 752 (i.
427 714 459 739 e.
484 704 575 750 post
599 714 632 739 a.
654 703 738 740 600
763 715 799 750 p.
820 700 911 740 Chr.
928 714 965 742 n.
985 696 1156 754 dictum)
1188 702 1268 740 und
1298 702 1397 741 ohne
1426 702 1506 741 alte
1531 703 1733 742 Antea-itm
1760 703 1825 742 fur

358 761 562 802 canticum,
589 760 690 797 chori
715 771 887 803 carmen,
913 760 962 798 da.
986 773 1028 798 es
1053 773 1130 798 nur
1153 760 1215 798 die
1240 759 1477 808 Olaorsanqer
1502 757 1711 801 bedentet'.

302 812 505 855 dialectos
532 819 634 866 6493
659 818 782 855 lexica.
806 830 925 855 unum
949 818 1077 856 locum
1103 817 1300 857 adferunt:
1333 818 1439 856 Suet.
1464 818 1550 857 Tib.
1574 821 1642 858 56.

301 871 514 913 eunuchus
543 877 673 924 19623
705 876 792 914 Ter.
819 874 894 914 Cic.
921 889 976 914 or.
1002 877 1097 914 232.
1129 874 1238 914 Caes.
1262 875 1298 915 b.
1323 888 1354 915 c.
1379 876 1438 914 111
1467 878 1560 926 108,
1583 880 1618 915 1.

299 929 423 971 heros
445 934 555 972 1609
581 934 808 972 heoeametris
825 935 991 978 heroum,
1013 936 1122 973 1647
1146 937 1230 973 acta
1246 935 1411 978 heroum,
1432 936 1544 974 2164
1565 935 1703 974 Troius
1718 935 1824 975 heros

359 987 451 1044 (hoc
475 1005 496 1030 e
512 992 630 1041 Verg.
650 995 850 1041 sumptum
874 987 972 1045 est),
999 994 1109 1032 2747
1134 993 1287 1031 heroum
1309 994 1443 1040 factis‚·
1466 1004 1540 1031 vox
1564 1005 1589 1031 a
1613 991 1690 1032 Cic.
1709 993 1826 1043 Verg.

359 1049 429 1089 Ov.
456 1051 504 1088 al.
531 1051 710 1089 adhibita.
735 1053 807 1089 est.

300 1104 478 1157 hym-18
505 1110 628 1157 1883,
651 1110 775 1158 1886,
797 1110 927 1159 1934;
954 1107 1043 1148 Sen.
1068 1109 1112 1147 fr.
1135 1110 1188 1148 88
1215 1111 1256 1147 et
1277 1108 1380 1148 Eccl.
1405 1103 1534 1162 (Lact.
1553 1108 1669 1148 Prud.
1689 1108 1823 1147 Ambr.

358 1167 570 1216 Augustin.
601 1167 759 1205 Hieron.
791 1167 898 1206 Beda.
934 1162 1020 1220 aL),
1055 1167 1102 1206 cf.
1140 1166 1282 1216 Georg.
1320 1170 1361 1206 et
1397 1167 1539 1216 Krebs,
1576 1179 1740 1216 quorum
1775 1167 1824 1206 ad

360 1225 539 1274 exempla.
562 1238 702 1264 versus
728 1226 954 1264 Terentiani
978 1225 1146 1264 addendi
1169 1227 1276 1264 sunt.

300 1278 484 1321 melodus
512 1285 621 1322 1439
661 1286 823 1331 optimus
853 1296 924 1332 pes
954 1287 988 1322 et
1015 1284 1171 1322 melodis
1200 1279 1301 1335 (scil.
1324 1277 1580 1335 carminibus)
1605 1285 1638 1321 et
1659 1283 1826 1331 pedestri

355 1343 512 1390 yloriae.
562 1342 810 1380 Adiectivum
832 1343 980 1381 Auson.
1006 1344 1047 1380 et
1070 1341 1188 1380 Prud.
1213 1335 1274 1394 (et
1296 1335 1412 1393 alm)
1442 1344 1746 1391 usurpaverunt3
1777 1339 1825 1380 cf.

359 1401 478 1438 etiam
503 1399 630 1438 Krebs
657 1413 686 1439 s,
705 1413 740 1439 v.
765 1401 938 1439 melodia.

299 1454 442 1496 miltes
469 1460 571 1507 2253
598 1458 699 1496 Plin.
723 1458 894 1497 XXXIII
921 1460 1015 1509 115,
1040 1458 1137 1497 Ven.
1161 1457 1270 1496 Fort.
1293 1457 1350 1495 IX
1376 1459 1413 1507 7,
1431 1458 1484 1495 41
1512 1453 1690 1509 (minium
1714 1468 1825 1495 voce-

359 1517 494 1554 bulum
521 1517 705 1555 usitatius
732 1513 822 1567 est).

299 1570 580 1624 palaestricus
607 1577 678 1624 503
705 1575 832 1613 Plaut.
859 1574 938 1613 Cic.
962 1574 1094 1620 Quint.
1119 1574 1236 1624 Apul.
1260 1573 1377 1612 Prud.
1403 1574 1451 1612 al.

300 1629 464 1671 schema.
483 1634 568 1671 303
594 1634 760 1681 superba
777 1634 967 1672 schemata
985 1627 1228 1686 (orationis)3
1252 1632 1310 1671 ita.
1327 1644 1351 1670 a
1369 1631 1590 1671 rhetoribus
1608 1630 1827 1679 adhibetur,

359 1691 446 1730 Sen.
473 1692 594 1730 contr.
621 1693 662 1730 et
685 1690 815 1736 Quint.

298 1746 490 1799 tragicus
518 1751 612 1799 133,
641 1751 771 1800 1958;
797 1762 873 1789 vox
895 1750 1044 1788 usitata
1068 1751 1139 1788 est.

300 1803 528 1856 tragoedus
555 1809 657 1857 5313
683 1808 811 1847 Plaut.
838 1807 914 1846 Cio.
939 1808 990 1846 al.

299 1863 448 1915 tropus
474 1867 556 1904 303
595 1877 691 1913 quae
727 1869 852 1913 tropos
889 1876 1016 1904 omnes
1045 1865 1235 1912 relinquat
1264 1867 1297 1902 et
1325 1864 1488 1912 superba
1515 1864 1724 1910 schmalffi·
1756 1863 1829 1902 hoe

357 1924 560 1962 rhetorum
586 1923 818 1962 vocabulum
843 1936 867 1961 a
891 1922 1022 1968 Quint.
1048 1923 1214 1971 aliisque
1239 1922 1457 1960 adhibetur.

417 2004 565 2043 Graeca
583 2006 714 2043 autem
735 2004 913 2053 exempla.
932 2006 972 2042 et
997 2004 1092 2041 artis
1113 2002 1302 2041 vocabula
1321 2002 1478 2040 Graecis
1503 2001 1647 2040 litteris
1667 2001 1823 2051 scripsit

300 2066 420 2113 atque
440 2063 558 2101 etiam
575 2064 685 2101 1369
700 2074 833 2101 vocem
852 2059 1023 2100 ἔκταξιν.
1062 2061 1136 2099 Sed
1153 2072 1388 2111 quamquam
1402 2060 1526 2098 bacin
1540 2072 1582 2115 re
1596 2059 1829 2098 severiorem

303 2121 489 2160 Cicerone
523 2121 842 2170 epistolographo
878 2121 1073 2158 Frontone
1108 2119 1234 2157 Gellio
1268 2131 1309 2156 se
1341 2117 1540 2168 praebuit,
1576 2120 1707 2156 tamen
1741 2128 1828 2155 eum

301 2183 445 2218 certam
472 2191 648 2217 normam
674 2183 851 2217 secutum
877 2190 959 2216 esse
984 2190 1062 2216 non
1086 2176 1296 2215 verisimile
1321 2180 1391 2223 est,
1417 2188 1542 2225 neque
1566 2175 1606 2214 id
1631 2175 1663 2213 si
1682 2175 1828 2213 factum

302 2241 421 2287 esset,
455 2250 502 2275 ex
533 2237 702 2275 editione
734 2235 1013 2275 Mediolanensi
1046 2237 1226 2274 accurate
1255 2234 1423 2284 perspici
1452 2228 1637 2285 posset1).
1691 2232 1830 2282 ltaque

302 2295 391 2333 Keil
425 2296 563 2333 merito
598 2295 698 2333 hanc
733 2295 941 2333 editionem
978 2297 1134 2332 secutus
1169 2295 1246 2340 est,
1281 2293 1355 2330 nisi
1389 2292 1493 2341 quod
1526 2291 1610 2330 486
1646 2287 1709 2338 εὖ,
1746 2291 1830 2328 650

302 2351 496 2401 ἕεπερον,
533 2355 614 2392 925
650 2351 870 2400 Νέετοροε,
907 2354 988 2391 927
1022 2349 1141 2399 (ίγμα
1173 2346 1243 2403 (cf.
1272 2351 1354 2389 928
1379 2345 1473 2402 nos)
1498 2348 1656 2389 Graecis
1688 2348 1831 2386 litteris

302 2412 506 2450 scribenda
525 2423 611 2450 esse
625 2411 818 2450 videntur.
849 2411 956 2449 Idem
975 2411 1143 2448 fortasse
1162 2410 1202 2447 in
1220 2420 1355 2447 vocem
1369 2406 1513 2446 Achaei
1530 2420 1566 2447 v.
1581 2408 1663 2446 658
1683 2402 1831 2457 eadit')

303 2473 343 2507 et
367 2471 407 2507 in
431 2482 545 2508 voees
571 2471 738 2508 arcticon
761 2463 989 2521 stoechioffl)
1014 2481 1050 2508 v.
1073 2468 1195 2507 1168.

303 2569 523 2612 inlustrab03
555 2568 619 2604 sed
651 2580 694 2604 ex
727 2568 847 2604 indice
874 2569 1063 2604 verborum
1097 2565 1408 2610 memorabilium,
1435 2564 1498 2611 qui
1522 2565 1678 2601 fortune
1702 2564 1831 2609 postea

302 2618 440 2659 edetur,
467 2616 575 2651 facile
600 2615 880 2661 perspiciuntur.

424 2665 454 2706 ι)
482 2662 615 2697 Itidem
641 2661 752 2697 Gellii
789 2661 934 2697 codices
971 2661 1017 2696 de
1053 2661 1124 2695 hac
1152 2670 1191 2695 re
1223 2670 1495 2704 nonnumquam
1526 2658 1752 2702 discrepent3
1784 2655 1830 2692 cs.

303 2709 356 2744 Vo
386 2709 419 2744 el
473 2737 479 2743 .
503 2713 556 2744 12.

358 2722 384 2754 g
419 2722 469 2800 2)p
481 2756 528 2790 Ut
547 2759 614 2790 417
642 2755 777 2798 Ἀχαιοί
803 2754 977 2799 scriptum
997 2764 1075 2789 esse
1096 2752 1240 2789 videtur
1265 2753 1350 2799 [hoc
1368 2750 1463 2788 enim
1483 2749 1601 2796 magis
1621 2749 1667 2785 ad
1686 2748 1830 2785 litterae

302 2802 458 2838 traditas
484 2801 630 2837 accedit
654 2812 764 2845 quam
790 2800 971 2847 Ἀχαιῶν].

418 2851 454 2894 3)
479 2848 521 2883 In
547 2847 688 2883 Latinis
712 2847 840 2883 lexicis
865 2859 938 2883 non
963 2848 1092 2882 exstat.
