1878 3242
297 168 381 209 358
947 173 990 208 A.
1015 172 1160 209 Werth:

352 273 397 331 d)
423 280 604 318 omnibus
630 281 776 319 tribus:
810 280 812 284 ’

422 340 490 375 aut
516 357 565 365 —
594 342 661 377 aut
686 359 740 365 --
767 340 824 378 vel
847 360 904 367 —
930 342 1042 380 1350
1057 353 1140 391 sqq.

409 406 460 445 H.
487 407 706 453 Quaternas
731 422 794 448 res
820 422 1051 450 enumerans
1077 414 1117 450 et
1142 411 1255 451 binas
1281 412 1536 463 coniungens:

353 460 395 514 a.)
421 466 505 504 sine
529 467 734 516 particulis
759 468 870 507 iuxta
893 470 1042 519 posuit:

423 526 505 563 160
535 528 578 563 ut
608 523 747 574 [vade
777 525 901 576 veni]
935 525 1063 576 [vota
1092 530 1204 577 refer,
1236 532 1352 568 teneto
1382 527 1599 580 vultum]‚
1633 532 1712 570 179
1740 543 1826 585 oum

423 580 523 630 [dieo
548 584 697 628 lavor,
723 586 805 623 dico
828 584 982 636 nives]
1011 584 1196 635 [plu-via
1219 586 1450 638 novalesL
1477 590 1576 637 221,
1603 590 1697 629 339.

351 645 396 702 b)
421 652 597 702 singulas
623 654 837 703 particulas
862 655 1022 695 adiecit.

421 704 468 763 α)
493 713 632 760 quarto
658 713 852 752 membro:

488 770 510 807 b
535 782 555 808 c
575 783 601 818 9
625 772 805 820 deindep
832 773 928 822 861,
953 769 1024 821 [-
1055 771 1126 822 —]
1155 771 1226 823 [—
1249 786 1301 813 an
1327 772 1399 824 —]
1424 775 1506 813 788
1533 770 1722 826 (editores
1747 780 1824 822 aut,

488 828 556 866 sed
590 829 637 867 cf.
663 843 700 878 p
721 826 843 883 354),
885 851 943 857 -—
965 849 1014 857 —·
1036 851 1093 857 —
1121 832 1273 880 aliaque
1304 833 1388 871 930
1425 829 1500 884 (sic
1535 833 1694 873 Laohm.
1717 837 1825 883 coni„

487 886 657 926 fortasse
676 891 787 935 atque
805 889 858 927 ad
874 889 941 927 hoc
955 900 1075 936 ⁸oenus
1081 885 1131 943 ἓ),
1157 911 1214 918 --
1231 911 1279 917 -
1299 911 1350 917 -
1373 895 1406 930 et
1431 892 1525 930 talia
1544 893 1641 942 417,
1661 891 1732 942 [-
1753 892 1825 944 —-]

489 941 559 993 [—
583 949 616 983 et
634 944 708 995 —]
737 939 832 998 943,
859 945 933 996 [—
953 945 1026 997 —]
1050 946 1123 997 [—
1136 950 1195 987 vel
1210 946 1280 998 —]
1302 950 1387 988 670
1406 947 1490 1000 (nbi
1510 949 1600 988 Keil
1618 963 1696 990 non
1717 954 1823 991 recte

487 1003 667 1042 distinxit
682 1025 731 1031 —
780 1026 835 1032 —
852 1027 901 1031 —
924 1008 983 1044 vel
1002 1026 1053 1032 —
1066 1019 1189 1056 3nam
1209 1008 1324 1046 binae
1344 1007 1573 1059 disyllabae,
1593 1009 1825 1060 trisyllabae

486 1061 600 1100 binae
625 1075 738 1101 voces
764 1076 925 1103 caesura
949 1061 1217 1117 dirimuntur).

418 1113 460 1171 β)
487 1121 671 1159 secundo:

483 1199 540 1204 —
560 1182 627 1216 aut
649 1200 696 1205 —
713 1200 760 1205 ——
773 1201 828 1206 -—
845 1181 940 1230 154,
963 1201 1012 1207 -
1034 1182 1093 1219 vel
1110 1202 1295 1208 ——·——
1310 1184 1419 1222 1063
1435 1195 1516 1233 sqq.
1537 1177 1694 1236 (versus
1711 1186 1822 1224 1064

485 1238 525 1275 et
553 1238 662 1276 1065
690 1240 981 1288 tiansponenda
1006 1251 1090 1278 esse
1115 1240 1310 1288 existimo,
1344 1253 1392 1279 ne
1418 1241 1540 1280 verba
1572 1253 1657 1280 cum
1681 1244 1764 1282 dico
1790 1246 1824 1282 et

483 1307 618 1342 separo
643 1297 796 1334 verbum
821 1309 844 1335 a
867 1310 904 1336 v.
926 1299 1036 1336 1066
1065 1294 1333 1351 divellantur).

348 1357 388 1415 c)
415 1364 526 1402 binas
551 1365 701 1414 priores
727 1368 767 1404 et
792 1367 903 1405 binas
927 1368 1164 1416 posteriores
1188 1369 1393 1418 particulis
1419 1370 1635 1409 coniunxit:

414 1420 487 1470 [—
509 1426 542 1461 et
564 1422 634 1473 -]
664 1423 736 1473 [—-
757 1428 790 1462 et
811 1423 881 1474 -—]
910 1427 1005 1474 729,

414 1478 483 1528 [—
507 1482 564 1520 vel
586 1481 657 1530 —]
684 1480 758 1532 [—
777 1485 835 1521 vel
857 1482 927 1533 —]
957 1485 1058 1534 735,

410 1541 445 1577 si
471 1537 541 1588 [—
572 1561 626 1567 ——
645 1539 705 1589 ve]
733 1539 803 1590 [—
825 1543 883 1580 vel
900 1541 976 1592 —]
1005 1544 1100 1590 262,

412 1595 483 1646 [—
505 1599 564 1636 vel
581 1596 655 1650 —]
684 1597 757 1648 [—
778 1603 846 1638 aut
866 1599 937 1650 —]
965 1597 1104 1653 517¹),
1131 1602 1212 1640 728
1226 1597 1271 1654 ¹),
1297 1603 1394 1653 820,

411 1654 483 1704 [-
504 1658 583 1696 sive
605 1656 676 1707 —]
705 1656 779 1707 [-
799 1661 867 1697 aut
888 1657 959 1707 -—]
986 1660 1081 1710 619,

411 1712 486 1763 [-
503 1716 562 1772 vel
584 1714 655 1766 —-—]
684 1714 756 1765 [—
777 1720 812 1755 et
833 1715 903 1766 —]
933 1719 1030 1756 882.

339 1778 384 1836 d)
410 1785 521 1823 binas
546 1786 694 1835 priores
720 1798 808 1824 oum
834 1787 936 1826 binis
961 1787 1244 1836 posterioribus
1269 1789 1487 1828 coniunxit:

412 1840 483 1891 [--
506 1844 564 1881 vel
582 1842 658 1893 —]
683 1846 741 1882 vel
767 1842 840 1893 [——
862 1843 935 1895 —]
965 1847 1059 1896 101,

410 1899 484 1950 [—
508 1900 578 1950 —]
604 1904 692 1940 item
718 1901 784 1951 [-
810 1904 868 1941 vel
886 1902 960 1952 -]
990 1905 1084 1951 168,

410 1958 481 2008 [—-
505 1958 578 2009 —]
606 1958 680 2008 [—
699 1962 813 1999 simul
837 1964 871 1999 et
892 1960 963 2010 —]
993 1963 1088 2010 260,

409 2037 463 2043 -
485 2038 538 2043 —
560 2021 594 2056 ct
613 2038 667 2044 —
689 2022 756 2057 aut
774 2039 829 2046 —
856 2021 953 2069 478,

409 2075 479 2124 [——
502 2079 570 2114 aut
595 2076 662 2126 —]
687 2079 746 2116 vel
771 2076 843 2127 [—
863 2081 898 2116 et
918 2076 989 2127 —]
1017 2079 1099 2117 543
1139 2074 1269 2130 (binas
1301 2091 1363 2118 res
1395 2080 1635 2130 copulandas
1671 2094 1758 2121 esse
1789 2096 1810 2120 e

465 2148 500 2174 v.
521 2136 603 2174 542
630 2131 826 2188 apparet),

407 2190 483 2242 [-
502 2196 535 2231 et
554 2192 627 2242 —]
654 2198 764 2242 atque
786 2196 874 2233 item
899 2193 973 2244 [—-
993 2198 1103 2243 atque
1124 2193 1195 2244 —]
1223 2197 1304 2236 837
1321 2209 1390 2248 ιιι-1.,

407 2249 480 2300 [-
502 2251 575 2301 -]
603 2256 670 2290 aut
688 2273 744 2280 ——
770 2256 804 2291 et
827 2254 923 2292 talia
950 2255 1074 2293 1171.

393 2321 630 2367 1H Quinas
650 2335 712 2362 res
732 2324 815 2362 fere
834 2335 912 2362 non
925 2323 1125 2363 coniunxit
1143 2324 1217 2363 nisi
1237 2326 1380 2364 natura
1398 2327 1618 2376 argumenti
1632 2330 1808 2366 coaetus:

407 2379 478 2428 [—
503 2378 574 2430 —-]
601 2393 686 2419 cum
710 2382 840 2429 loquor
863 2402 912 2409 —
936 2403 990 2409 —
1010 2402 1067 2409 —-
1088 2384 1183 2432 218,

406 2437 479 2487 [-
501 2460 554 2465 -
574 2437 634 2488 τε]
661 2438 733 2488 [-
755 2441 882 2478 vel—
835 2439 965 2490 —Jet
987 2461 1033 2467 —
1066 2442 1161 2491 262,

406 2495 477 2545 [-
505 2518 549 2523 -
575 2495 724 2547 deinde]
749 2510 836 2537 moa:
858 2519 907 2525 —-
928 2519 987 2526 —-
1009 2519 1059 2526 —
1083 2501 1178 2549 708,

404 2553 474 2604 [-
498 2559 531 2593 et
553 2549 621 2609 —]
642 2577 698 2583 -—-
719 2577 773 2583 —
794 2560 904 2605 alque
922 2578 977 2584 ——
1001 2559 1097 2602 785,

404 2612 474 2661 [——
497 2615 554 2652 vel
572 2612 646 2664 —]
665 2626 785 2662 porro
808 2636 856 2642 —
882 2637 931 2642 —
961 2619 994 2654 et
1017 2619 1158 2655 ceteras
1183 2617 1278 2666 809,

403 2670 477 2719 [-
500 2670 571 2721 -]
592 2693 648 2700 -
671 2693 721 2700 -
744 2676 812 2712 aut
830 2694 885 2701 —
906 2676 1000 2722 863,

403 2728 478 2778 [-—-
495 2731 554 2769 vel
576 2730 647 2782 -]
673 2752 728 2758 -
749 2752 803 2758 -
824 2735 857 2770 ct
882 2733 975 2771 talia
1001 2733 1098 2780 876,

398 2786 471 2836 [-
492 2790 551 2827 vel
569 2787 645 2838 —-]
669 2810 718 2816 —
746 2811 794 2817 -
822 2810 868 2818 —
895 2792 990 2831 941.

390 2913 421 2953 1)
447 2922 497 2945 an
522 2910 556 2944 M
582 2923 648 2954 pro
673 2916 747 2948 aue.
773 2912 922 2949 Lachm.
949 2912 1186 2948 bimembrem
1213 2911 1429 2949 divisionem
1455 2923 1529 2949 non
1555 2914 1718 2959 agnovit.
