1878 3242
533 137 588 173 De
613 135 825 172 Terentiani
849 145 1016 175 sermone
1041 136 1079 171 et
1104 136 1238 171 aetate.
1573 133 1659 175 325

101 250 273 293 rioribus
299 249 391 289 bina
417 251 575 288 tantum
599 249 809 292 Prudentii
831 250 872 288 et
898 248 1049 288 Sidonii
1082 248 1264 298 exempla.
1295 247 1437 287 adfert.
1487 246 1659 286 Dativus

99 307 190 349 1ιᾶῖο
224 311 317 349 ante
353 310 510 349 vocales
540 310 651 348 1375
685 311 725 348 et
753 309 885 359 1396,
923 311 1015 348 ante
1053 309 1314 347 consonantes
1344 301 1493 359 793¹),
1533 307 1658 354 1472,

103 370 216 408 1919
242 368 460 420 invenitur3
485 369 590 408 idem
615 367 831 407 secundum
851 367 1100 406 Priscianum
1126 366 1188 406 bis
1213 365 1319 416 apud
1339 365 1513 404 Statium
1533 365 1658 414 disyl-

101 428 217 467 labus
244 430 315 478 est,
341 430 550 477 praeterea
575 427 743 477 singulis
769 427 865 466 loeis
891 426 998 477 apud
1021 426 1164 466 Avien.
1190 425 1322 465 Sidon.
1350 425 1456 464 Tert.
1483 420 1543 477 (P)
1569 425 1660 463 adv.

101 488 240 538 Mam,
265 487 314 526 cf.
339 487 452 525 Neue
477 481 543 526 Π27
557 488 640 526 206
659 499 716 537 sq.
727 481 774 540 ²).
825 486 1087 525 Terentianus
1120 487 1254 524 autem
1280 484 1542 535 posteriorem
1567 496 1660 534 pro-

103 547 262 586 duxisse
304 546 481 596 videtur,
518 546 623 596 quod
666 558 686 585 c
720 546 898 585 litteram
936 546 1134 595 duplicem
1173 557 1259 583 esse
1297 543 1570 591 existimabat3
1608 543 1657 582 cf.

101 619 138 646 v.
162 607 274 646 1658
290 618 372 656 sqq.
403 606 482 644 Hic
505 605 730 655 pronomini
754 605 920 646 relativo
943 606 1055 644 1599
1083 607 1125 643 et
1146 605 1258 646 1679
1285 603 1500 654 respondet
1519 596 1655 656 (1599

103 667 152 705 ἱὶε
166 665 219 713 M,
236 665 296 704 his
314 660 467 716 Briss.).

220 718 336 763 Idem
367 736 484 773 saepe
515 724 695 775 ponitur,
726 723 795 762 ubi
820 723 1018 773 particula
1043 722 1329 762 coniunctionis
1355 722 1485 772 deest,
1517 723 1563 760 ut
1587 722 1663 761 hoe

105 783 337 834 pronomine
347 785 551 833 tamquam
561 783 718 822 vinculo
730 782 950 822 sententiae
961 783 1207 833 copulentur,
1217 781 1352 831 itaque
1363 781 1561 820 interdum
1573 794 1662 820 eum

106 855 177 891 que
196 843 445 892 componitur
467 843 578 881 2275
600 844 641 881 et
658 854 746 880 cum
767 853 912 889 quoque
932 843 1058 888 1820,
1080 842 1192 880 2022
1216 843 1256 879 et
1275 853 1365 879 cum
1384 843 1418 879 et
1437 836 1512 892 (=
1528 836 1660 893 etiam)

91 903 235 951 2428,
267 903 380 941 2626
407 903 448 940 et
472 914 560 940 eum
583 901 644 940 hic
672 902 797 952 1027,
825 902 949 948 1839,
978 903 1102 940 2160.
1152 899 1226 938 His
1252 901 1387 939 autem
1411 900 1540 939 tribus
1566 900 1662 940 locis

106 962 198 1000 haec
221 962 351 1000 eadem
369 963 488 1010 atque
507 961 580 999 hoc
598 960 685 1010 ipso
705 960 840 998 ordine
866 960 1026 1009 legitur.
1059 955 1287 1012 (Ritsehelii
1308 959 1559 1010 sententiam,
1586 972 1665 1010 qua

105 1020 180 1059 hoc
198 1031 415 1070 pronomen
434 1022 526 1058 ante
544 1031 761 1070 pronomen
774 1019 1129 1058 demonstrativum
1143 1019 1368 1068 ponendum
1381 1031 1466 1058 esse
1479 1019 1662 1070 putabat,

111 1079 156 1119 G.
170 1079 203 1117 N
210 1078 413 1117 iemoeller
431 1078 473 1117 in
491 1079 557 1117 lib.
570 1091 658 1118 suo:
684 1074 759 1116 ‘De
779 1078 1076 1127 pronominibus
1095 1080 1177 1126 ipse
1190 1080 1230 1116 et
1242 1079 1341 1116 idem
1356 1078 1461 1128 apud
1472 1078 1665 1118 Plautum

105 1140 146 1177 et
171 1133 424 1176 Terentium'
450 1150 483 1176 a.
507 1138 618 1177 1887
652 1137 758 1176 edito
790 1137 979 1187 exemplis
1011 1150 1031 1175 e
1057 1137 1201 1176 Plauto
1234 1138 1408 1177 collectis
1438 1134 1665 1189 refutavit.)

106 1197 274 1246 Propter
297 1199 468 1236 metrum
492 1198 616 1236 isdem
643 1198 740 1246 362,
766 1197 865 1248 441,
894 1198 1004 1236 1075
1030 1197 1243 1246 legendum
1269 1198 1389 1247 atque
1411 1198 1523 1236 1153
1546 1197 1666 1235 etiam

107 1256 302 1296 traditum
327 1258 401 1296 est.

223 1310 304 1354 Ille
328 1327 400 1365 pro
426 1316 462 1354 is
483 1316 578 1365 167,
603 1328 674 1365 pro
699 1315 760 1354 hic
784 1316 869 1355 476
899 1317 939 1354 et
962 1316 1043 1355 947
1073 1311 1142 1366 (an
1166 1317 1339 1366 utroque
1363 1316 1450 1355 loco
1475 1318 1546 1355 iste
1571 1316 1666 1355 seri-

106 1375 279 1414 bendum
305 1369 425 1426 est?).
456 1374 534 1413 Hic
552 1395 598 1401 —-
616 1375 691 1420 ille,
716 1375 780 1413 ille
795 1395 845 1402 —
862 1376 935 1414 iste
955 1375 1114 1425 saepius
1136 1378 1401 1426 opponuntur,
1420 1376 1555 1414 ille—
1568 1377 1665 1415 alter

109 1435 235 1473 1417.
283 1433 510 1472 Pronomini
546 1433 713 1474 relativo
752 1434 909 1484 saepius
950 1435 1174 1484 respondet.
1222 1435 1283 1474 De
1317 1432 1426 1474 imus
1462 1435 1510 1475 cf.
1542 1435 1663 1485 paulo

108 1505 229 1543 supra
254 1505 284 1531 s.
303 1506 339 1532 v.
366 1493 462 1531 alter
487 1495 528 1531 et
552 1506 590 1542 p.
611 1494 709 1533 300.

218 1547 313 1602 Ipse
338 1552 428 1592 inde
456 1565 480 1590 a
505 1552 675 1591 Minucio
701 1553 782 1591 Fel.
810 1554 850 1591 et
877 1553 1124 1592 Tertulliano
1149 1566 1220 1603 pro
1253 1555 1354 1592 idem
1384 1555 1558 1603 positum
1585 1554 1661 1593 Te-

106 1611 310 1650 rentianus
335 1623 414 1650 non
438 1611 568 1650 habet.
619 1610 677 1650 Cf.
704 1610 811 1662 Sittl,
837 1608 936 1650 ‘Die
963 1613 1040 1651 lok.
1066 1608 1246 1651 Versch.'
1270 1627 1307 1663 p.
1332 1613 1426 1652 115.

223 1665 278 1715 IS,
305 1670 409 1720 quod
433 1669 655 1720 Vitruvius,
680 1683 768 1709 cum
797 1672 862 1709 ille
887 1671 1112 1721 quinquies,
1139 1674 1209 1710 iste
1233 1672 1357 1710 semel
1383 1673 1546 1721 habeat,
1572 1674 1663 1723 plus

107 1730 217 1768 mille
249 1729 345 1768 locis
375 1729 541 1779 praebet
572 1723 641 1782 (cf.
666 1729 799 1768 Praun
828 1743 864 1779 p.
887 1725 980 1782 83),
1012 1731 1118 1780 apud
1151 1731 1430 1770 Terentianum
1463 1732 1544 1782 iam
1575 1745 1666 1771 raro

108 1790 239 1827 exstat
263 1790 382 1838 atque
406 1788 447 1826 in
471 1788 619 1838 linguis
645 1789 876 1828 Romanicis
902 1790 1020 1839 plane
1053 1790 1176 1828 deest.
1225 1787 1330 1829 De
1310 1793 1345 1830 οἱ
1372 1793 1454 1831 605
1483 1793 1523 1830 et
1551 1793 1663 1833 1542

110 1848 238 1886 forma
262 1849 421 1886 vetusta
445 1847 493 1886 cf.
518 1847 629 1886 Neue
654 1843 712 1886 II2
734 1849 828 1887 193.
883 1869 886 1871 Α

111 1917 116 1922 ’
222 1901 311 1946 Iste
336 1906 564 1956 saepissime
582 1919 655 1957 pro
673 1907 734 1946 hic
752 1907 927 1959 ponitur,
954 1908 1089 1958 itaque
1110 1909 1179 1947 iste
1197 1910 1239 1947 et
1256 1909 1322 1947 ille
1341 1903 1418 1963 (=
1437 1910 1566 1949 hic—
1581 1907 1663 1963 ille)

107 1966 307 2005 contraria.
325 1968 432 2005 sunt:
456 1966 580 2016 1398,
603 1967 727 2007 1668.
766 1965 823 2005 Of.
844 1967 968 2005 Ebert
991 1980 1031 2018 p.
1053 1969 1125 2006 19:
1153 1963 1250 2006 ‘Iste
1274 1980 1298 2006 a
1317 1968 1516 2008 Frontone
1535 1971 1663 2009 multo

108 2025 265 2074 saepius
290 2037 407 2075 quam
432 2025 482 2063 ab
508 2025 597 2064 aliis
624 2021 878 2075 usurpatur'.
914 2026 1096 2077 Itemque
1123 2026 1317 2076 Apuleius
1343 2027 1417 2067 hoc
1442 2042 1664 2079 pronomen

107 2083 317 2123 adamavit.
350 2083 407 2123 Cf.
427 2083 650 2124 Kretschm.
675 2099 713 2135 p.
734 2086 802 2124 90.
839 2084 972 2123 Unum
992 2085 1114 2124 Gellii
1138 2086 1270 2124 locum
1290 2086 1472 2137 Draeger
1497 2100 1663 2128 comme-

108 2145 255 2190 morat;
291 2142 399 2181 idem
431 2142 530 2182 duos
554 2143 778 2194 Augustini
804 2144 927 2195 locos,
965 2145 1007 2183 in
1045 2145 1188 2194 quibus
1219 2146 1284 2184 ille
1315 2148 1357 2185 et
1386 2148 1458 2186 iste
1490 2148 1596 2188 inter
1624 2161 1666 2187 se

113 2203 376 2252 opponuntur.

224 2256 377 2300 Nullus
411 2263 522 2301 1137
555 2263 737 2311 nullaque
750 2291 762 2307 ,
803 2264 912 2302 1281
946 2264 1140 2312 nulloque,
1178 2265 1292 2304 2415
1326 2266 1501 2314 aliusque
1535 2267 1667 2305 nullus

114 2320 304 2359 sermonis
330 2321 533 2366 cottidiani
559 2323 662 2361 sunt.

227 2374 385 2422 Quanti
405 2396 459 2411 =
480 2383 586 2428 quot:
608 2382 718 2419 1971
736 2384 897 2429 quantos
908 2383 1023 2430 potui
1036 2381 1422 2430 cognoscerer-aios
1457 2383 1565 2422 Haec
1579 2397 1667 2434 pro—

110 2438 270 2478 nomina.
288 2440 422 2487 quanti
440 2440 538 2478 tanti
556 2439 703 2478 similia
723 2440 915 2479 abusione
934 2440 1080 2479 sensim
1099 2441 1365 2480 invalescente
1383 2445 1430 2480 ut
1449 2439 1572 2481 πόεοι
1593 2456 1666 2493 pro

113 2496 379 2536 multitudinis
404 2497 702 2547 pronominibus
730 2499 862 2548 posite.
886 2501 989 2538 sunt.
1035 2500 1096 2538 Ex
1127 2501 1314 2550 exemplis
1347 2514 1371 2540 a
1395 2501 1600 2542 Pauckero
1625 2503 1666 2541 in

111 2555 225 2595 Subr.
251 2558 371 2595 scrut.
397 2569 434 2605 p.
454 2558 508 2595 51
539 2557 718 2606 repetitis
750 2559 978 2609 auctisque,
1003 2561 1050 2597 ut
1074 2559 1300 2610 antiquiora
1325 2560 1448 2599 dubia
1472 2561 1667 2614 omittam,

110 2615 206 2654 haec
224 2615 342 2654 addo:
370 2615 484 2665 Prop.
492 2615 558 2664 15,
570 2617 623 2655 10
638 2610 699 2668 (in
711 2619 852 2656 neutro
865 2618 975 2657 milia
994 2615 1171 2668 quanta),
1186 2618 1286 2658 Stat.
1301 2619 1395 2658 Silv.
1411 2619 1468 2658 IV
1483 2622 1521 2669 3,
1537 2621 1591 2661 49
1603 2621 1666 2671 al.,

110 2672 250 2717 Iustin.
269 2674 347 2714 XII
369 2675 435 2726 15,
460 2674 578 2724 Apul.
593 2674 702 2715 Asel.
722 2676 789 2715 37.
824 2675 1002 2726 Saepius
1027 2677 1107 2716 iam
1132 2677 1404 2718 Tertullianus
1429 2679 1488 2718 ita
1512 2679 1667 2719 locutus

233 2823 267 2867 1)
292 2822 364 2859 Sed
388 2823 449 2859 hic
468 2822 616 2860 Lachm.
637 2825 788 2869 propter
816 2824 929 2861 verba.
957 2837 1036 2862 una
1060 2827 1103 2862 in
1121 2827 1263 2874 syllaba
1282 2838 1357 2862 non
1375 2827 1453 2864 sine
1473 2839 1585 2865 causa.
1602 2833 1670 2866 aut

112 2869 199 2906 huic
221 2871 274 2907 sie
297 2870 464 2916 scripsit,
490 2882 540 2906 an
564 2872 650 2906 huic
674 2870 723 2906 M.

231 2919 267 2964 2)
291 2917 332 2954 L.
352 2917 402 2985 M.
428 2930 463 2963 p.
485 2921 552 2954 269
579 2918 648 2954 hoc
674 2918 894 2955 ultimorum
920 2921 1129 2967 temporum
1155 2933 1233 2959 csse
1260 2922 1363 2959 dicit

1314 2980 1386 3017 22*
