1878 3242
500 123 555 158 De
579 119 794 158 Terentiani
817 131 983 158 sermone
1009 121 1049 157 et
1073 120 1209 157 aetate.
1549 117 1636 159 323

77 225 197 277 simili
213 247 287 286 pes
316 236 394 285 leqe
415 236 609 285 probatur
635 230 711 290 (=
738 234 923 275 similiter
947 229 1076 285 lege),
1113 233 1223 272 1221
1251 232 1461 281 spondeum
1485 231 1636 280 qualem

77 290 155 351 (==
180 290 245 349 ut)
273 297 449 344 qerninae
478 297 600 345 fecere
623 297 797 344 priores,
838 295 950 334 1236
976 294 1120 332 similes
1146 287 1221 346 (π
1249 286 1450 344 similiter)
1486 292 1650 348 formas*

76 358 183 404 quot,
217 356 328 394 1447
355 366 424 394 nec
447 356 577 394 minus
600 356 780 404 frequens
802 354 956 394 iambus
979 353 1202 401 tribrachyn
1227 363 1272 391 ecc
1295 363 1336 391 se
1367 353 1488 395 creat,
1523 351 1636 390 1623

77 415 267 464 spondeus
284 415 513 463 plerumque
535 415 579 453 in
603 414 780 463 dactylon
802 415 882 458 ibit,
907 424 975 452 nec
998 413 1154 451 interest
1178 441 1187 450 .
1208 443 1215 450 .
1237 441 1246 450 .
1267 442 1275 450 .
1302 422 1420 460 quam
1444 411 1637 459 frequens,

80 475 192 513 1903
220 475 335 522 lonya
354 474 485 513 soluta
510 476 580 519 est,
605 474 744 514 similis
775 485 844 512 nec
875 474 1005 511 minus
1037 472 1178 517 altera,
1206 472 1320 510 2127
1339 471 1540 519 plurimus
1569 470 1638 508 hoc

70 534 191 582 pollet
207 532 361 572 Siculae
391 533 540 572 telluris
563 534 746 572 alumnus
770 526 986 585 (Theocr.),
1014 532 1130 570 2132
1155 533 1283 570 noster
1300 542 1420 569 rarus
1439 541 1480 568 eo
1497 532 1638 578 pastor

78 594 212 637 Maro,
239 594 352 632 2189
374 593 593 641 brevemque
612 593 745 632 crebra
766 592 1021 640 consequendo
1041 591 1210 639 lonyula,
1232 591 1344 629 2229
1366 601 1501 628 versus
1518 600 1638 628 rarus

77 653 215 696 intrat,
251 653 365 690 2278
391 652 608 699 quadratus
631 653 701 691 iste
731 645 1007 705 (antecedens)
1037 651 1127 689 talis
1179 666 1236 681 =
1261 649 1335 688 hoc
1366 643 1501 701 modo)
1535 649 1638 696 effici

71 713 208 760 potest,
236 712 347 750 2387
368 713 497 750 venial
521 714 697 750 externus
721 711 806 750 licet
821 722 895 759 pes
920 710 1184 760 antibacchus,
1212 710 1325 748 2507
1346 709 1483 747 rudem
1500 719 1638 747 sonum

78 771 197 809 secuti
220 765 276 823 (si
299 771 405 809 recte
429 770 530 808 illud
554 772 674 809 secuti
698 770 951 819 interpretor,
976 770 1113 808 rudem
1130 781 1202 818 pro
1222 769 1313 807 rudi
1330 769 1442 806 modo
1462 763 1637 818 dicitur),

82 830 193 868 2539
221 841 320 877 quae
335 831 450 878 potui
472 830 603 868 videor
627 832 812 868 tractasse
836 840 966 868 seorsa
974 823 1021 882 ¹),
1048 829 1162 867 2682
1188 828 1289 866 bunc
1312 829 1443 866 servat
1465 827 1640 866 stabilem

77 889 234 927 modum
257 883 375 942 (haec
400 889 580 939 enallage
605 888 762 938 poetica
787 882 879 941 est),
908 889 1022 927 2690
1048 888 1162 926 talem
1188 885 1376 934 (versum)
1401 889 1531 925 servat
1545 897 1638 935 pcr-

73 951 252 997 petuum,
291 948 405 986 2692
430 949 546 987 stabit
576 949 797 986 continuum
829 948 1019 986 consimili
1044 948 1165 990 modo,
1195 947 1305 985 2721
1336 957 1446 994 quem
1476 946 1641 985 similem

79 1008 274 1055 composui
298 1018 343 1045 ex
367 1008 507 1051 tribus,
540 1007 655 1045 2842
680 1008 807 1046 insero
839 1018 925 1055 erqo
956 1007 1120 1054 spondeo
1150 1006 1318 1044 medium
1344 999 1444 1059 (scil.
1472 1017 1640 1055 anapae-

79 1060 207 1120 stum)
239 1068 350 1114 atque
381 1068 628 1114 consequenti.
677 1065 892 1104 Praeterea
922 1065 1154 1104 adverbium
1177 1065 1292 1114 -quod
1324 1067 1387 1105 est
1417 1065 1544 1104 solum
1578 1077 1641 1102 me

77 1125 223 1175 legisse
248 1138 326 1164 non
351 1125 526 1176 memini,
551 1125 697 1175 itaque,
718 1138 807 1164 cum
832 1125 1073 1164 adiectivum
1093 1136 1210 1174 saepe
1230 1123 1458 1163 inveniatur
1476 1126 1522 1162 ut
1543 1126 1641 1174 219,

82 1185 207 1234 1044,
229 1185 355 1233 1060,
380 1186 502 1233 1097,
527 1186 651 1236 1135,
675 1185 800 1235 1649,
821 1185 948 1233 2032,
973 1185 1097 1223 solum
1116 1185 1233 1222 etiam
1254 1182 1297 1222 in
1316 1185 1489 1234 vv.917,
1511 1184 1641 1235 2614,

82 1245 197 1283 2670
222 1256 293 1294 pro
319 1244 514 1283 adiectivo
540 1244 722 1283 neutrius
748 1243 905 1295 generis
930 1243 1157 1282 habendum
1183 1245 1245 1282 est
1264 1245 1305 1282 et
1328 1243 1371 1281 in
1390 1256 1426 1282 v.
1448 1245 1546 1293 219,
1572 1243 1641 1281 ubi

79 1303 120 1341 M
145 1303 247 1342 falso
271 1303 355 1342 sola
378 1303 564 1353 praebet,
590 1302 770 1342 Santenii
794 1303 1021 1342 coniectura
1044 1303 1148 1342 solas
1171 1302 1362 1341 maiorem
1387 1315 1507 1353 quam
1531 1302 1641 1341 Bris-

83 1361 167 1402 saei
190 1363 314 1401 solum
344 1362 668 1412 probabilitatem
699 1357 907 1415 obtinet2).
957 1362 1108 1401 Eodem
1145 1364 1280 1401 autem
1311 1363 1503 1412 pertinet,
1537 1362 1642 1412 quod

81 1421 277 1461 adiectiva
300 1421 503 1460 interdum
528 1434 608 1460 non
634 1421 684 1460 ad
710 1434 783 1461 sua
807 1422 1015 1469 vocabula,
1042 1422 1110 1460 sed
1135 1421 1186 1460 ad
1211 1421 1435 1460 subiectum
1460 1421 1641 1460 referun-

81 1483 160 1529 tur,
188 1483 234 1519 ut
261 1482 370 1519 1211
399 1482 589 1529 spondeus
606 1482 749 1530 plenus
772 1482 951 1520 reddetur
976 1481 1207 1529 temporibus
1226 1492 1297 1529 pes
1322 1474 1453 1534 (Sant.
1478 1480 1639 1520 Lachm.

81 1539 172 1578 Keil
184 1534 345 1593 plenis),
369 1541 481 1580 1546
497 1553 555 1591 sq.
575 1543 608 1578 et
627 1537 837 1589 ἐπίτριτος
850 1552 967 1588 aeque
982 1552 1104 1589 yenus
1117 1543 1171 1579 est
1182 1542 1471 1588 paeonicorum,
1491 1541 1643 1579 totidem

74 1600 239 1648 pedibus
262 1601 354 1647 quia
377 1601 513 1638 varius
537 1603 701 1648 tempore
724 1600 863 1647 differt.

200 1657 278 1696 Sed
308 1659 350 1696 in
386 1658 620 1708 gradatione
653 1659 939 1698 adiectivorum
971 1658 1236 1698 Terentianus
1269 1659 1366 1698 satis
1402 1661 1562 1698 cautum
1598 1670 1641 1699 se

82 1717 265 1767 praebet,
291 1719 336 1756 ut
361 1718 625 1768 posteriorum
649 1718 834 1757 licentiae
861 1730 995 1757 omnes
1022 1717 1107 1757 fere
1135 1713 1320 1771 desint3).
1369 1718 1510 1768 Neque
1536 1719 1641 1769 enim

81 1776 291 1827 genetivus
317 1777 636 1826 comparationis,
657 1790 773 1828 quem
798 1778 877 1816 iam
895 1777 1090 1828 Apuleius
1118 1779 1158 1816 et
1178 1772 1495 1831 Tertullianus4)
1520 1780 1640 1829 atque

83 1835 204 1874 etiam
227 1835 469 1886 Papinianus
495 1838 536 1875 et
562 1836 752 1876 Scaevola
774 1831 904 1888 10ti5)
936 1836 1139 1888 praebent,
1165 1849 1293 1887 neque
1319 1839 1412 1887 post
1435 1849 1639 1887 compara-

83 1894 210 1934 tivum
235 1894 477 1945 praepositio
497 1908 533 1946 a,
553 1908 655 1947 quae
679 1895 771 1934 inde
790 1897 841 1935 ab
860 1895 1038 1934 Arnobio
1060 1895 1260 1946 Cypriane
1279 1895 1490 1936 Lactantio
1511 1898 1639 1936 Anon.

82 1954 291 2005 physio’gn.
317 1954 480 2005 legitur,
505 1955 610 2005 apud
631 1955 913 1994 Terentianum
932 1955 1190 1996 inveniuntur
1212 1977 1263 1982 ——
1288 1955 1446 1995 omnino
1466 1955 1640 1995 Punicae

85 2012 337 2064 Graecaeque
362 2014 675 2054 constructiones
701 2015 861 2063 desunt,
894 2014 971 2052 nisi
996 2014 1057 2054 vis
1081 2016 1183 2063 facio
1209 2028 1298 2054 cum
1324 2027 1402 2054 acc.
1429 2018 1470 2054 et
1493 2016 1562 2054 inf.
1590 2016 1640 2054 ad

83 2071 255 2112 Graecae
274 2072 436 2123 linguae
454 2073 718 2113 imitationem
738 2074 887 2113 referre
911 2089 982 2125 —3
1008 2086 1136 2124 neque
1156 2074 1414 2124 superlativis
1433 2074 1640 2114 immodice

82 2143 179 2171 usus
199 2134 271 2183 est,
290 2135 336 2171 ut
348 2132 544 2182 Ulpianus
552 2127 600 2186 ⁶).
633 2132 880 2183 Quamquam
899 2134 1022 2172 semel
1040 2133 1279 2183 particulam
1299 2137 1379 2173 tam
1397 2135 1490 2173 ante
1504 2147 1643 2184 super-

82 2190 251 2231 lativum
269 2191 403 2241 posuit
415 2185 521 2246 (346
543 2194 665 2232 eaeilus
682 2205 777 2232 nam
794 2196 926 2232 nostra
947 2194 1080 2241 linqua
1097 2204 1174 2232 non
1189 2195 1293 2242 capit
1311 2196 1391 2233 tam
1402 2189 1641 2247 plurimos),-

84 2291 231 2327 Adverb
254 2292 468 2339 frequenter,
492 2304 608 2340 saepe,
633 2294 756 2330 crebro
781 2293 1006 2338 verbunden,
1032 2292 1122 2330 aber
1144 2294 1252 2330 nicht
1275 2294 1315 2329 in
1341 2294 1464 2341 Bezug
1489 2295 1558 2330 auf
1580 2295 1642 2332 ein

85 2338 343 2384 Sachsubjekt?
394 2339 637 2376 Terentianus
669 2343 796 2378 tamen
828 2341 981 2377 licentia
1010 2340 1160 2387 poetica
1184 2354 1271 2377 usus
1296 2342 1466 2387 frequens
1498 2342 1554 2378 bis
1585 2342 1641 2378 ita

83 2387 287 2469 uhmtqiam'
312 2387 359 2424 cf.
384 2398 496 2433 supra
519 2389 626 2434 (1447
653 2390 691 2425 et
718 2390 839 2434 1623);
874 2390 1079 2434 frequenter
1105 2393 1184 2434 137,
1211 2392 1314 2434 1520,
1343 2392 1446 2434 1605,
1472 2392 1564 2426 2556
1591 2389 1640 2427 al.

111 2444 134 2469 a
160 2443 181 2468 0
200 2461 210 2470 .

205 2482 241 2526 1)
265 2479 507 2517 Terentianus
532 2481 616 2518 loco
641 2483 826 2529 adverbii,
853 2495 926 2528 quo
951 2483 1169 2530 plerumque
1201 2483 1401 2530 scriptores
1427 2483 1555 2520 Latini
1580 2485 1639 2521 usi

86 2528 182 2573 sunt,
208 2539 354 2574 semper
378 2529 602 2565 adiectivum
626 2530 742 2566 habet
772 2533 934 2577 (praeter
959 2532 1056 2567 hunc
1080 2531 1203 2567 locum
1229 2535 1285 2576 87,
1306 2533 1386 2576 698,
1413 2533 1515 2578 990),
1542 2534 1642 2578 quod

86 2574 243 2622 singulis
268 2575 359 2612 locis
386 2587 445 2622 ap.
473 2575 651 2613 Catonem
675 2579 715 2613 et
739 2578 876 2615 Auson.
903 2580 1037 2615 exstat.

203 2623 240 2668 2)
265 2622 406 2659 Gellius
433 2623 550 2660 octies
573 2635 650 2661 non
673 2625 771 2662 solus
790 2645 834 2652 -
860 2627 922 2662 sed
945 2627 1054 2662 etiam
1079 2625 1185 2671 dixit,
1212 2626 1257 2663 cf.
1278 2627 1420 2672 Gurges
1439 2639 1474 2673 p.
1497 2631 1554 2672 23,
1576 2627 1642 2663 sed

85 2670 156 2707 hoc
181 2670 294 2706 etiam
320 2669 394 2707 Cic.
421 2670 546 2716 habet,
573 2672 617 2708 cf.
644 2672 761 2708 Krebs
787 2673 825 2709 in
850 2686 883 2710 v.
910 2674 1035 2710 solum.

203 2719 242 2765 3)
265 2717 319 2754 cf.
346 2718 551 2762 Woelfflin,
579 2718 904 2766 ‘Komparation’.

88 2815 156 2848 59⁶
167 2766 239 2858 aqi)
264 2765 318 2802 ef.
345 2765 451 2811 Situ,
485 2765 574 2802 ‘Die
598 2767 674 2805 lok.
701 2768 869 2805 Verseh.’
904 2781 939 2814 p.
963 2772 1030 2804 114
1056 2770 1095 2806 et
1118 2769 1176 2806 w.
1198 2769 1241 2805 A.
1261 2768 1330 2805 vn
1359 2772 1438 2814 120,
1465 2772 1532 2805 131
1547 2781 1642 2816 sqq„

204 2861 240 2907 5)
265 2859 318 2897 Cf.
343 2859 500 2907 Leipold
527 2874 561 2908 p.
582 2866 638 2899 46.

205 2910 240 2952 6)
265 2908 320 2944 Cf.
346 2907 455 2954 Kalb,
480 2909 522 2945 R.
542 2909 574 2945 J.
600 2922 635 2956 p.
659 2913 735 2947 132.

157 2972 264 3001 Jahrb.
284 2973 307 3001 1.
326 2975 415 3002 class.
433 2975 542 3003 Phuol.
580 2975 677 3009 Suppl
703 2976 759 3003 Bc.
773 2976 889 3004 xxnt.
1312 2975 1356 3006 ‘22
