1878 3242
251 183 337 223 310
910 183 954 217 A.
980 182 1126 218 Werthz

311 290 349 345 c)
376 293 472 330 duas
498 304 561 330 res
589 293 670 329 623
698 292 731 339 (i
755 292 896 340 littera)
918 293 1075 340 yemella
1101 287 1143 344 (i.
1165 304 1196 330 e.
1222 287 1300 343 bis)
1327 293 1485 331 locanda
1510 296 1572 332 est.

366 362 467 400 Item
492 362 657 410 pluralis
684 361 781 400 duas
806 373 867 400 res
893 362 1042 412 signat:

308 427 350 484 a)
377 431 547 470 eiusdem
574 431 746 480 generis:
774 432 855 470 633
882 432 940 469 vel
964 432 1046 469 licet
1065 442 1190 479 ponas
1211 432 1390 479 qemellas
1407 430 1571 480 (litteras
1587 429 1645 487 u),
1666 434 1772 474 2921

375 493 416 527 ut
441 491 526 528 dedi
547 490 721 537 yemellos
747 484 846 541 (scil.
873 490 942 527 hos
970 490 1066 527 duos
1093 485 1267 541 versus),

309 544 352 599 b)
380 549 436 586 ita
461 550 505 585 ut
529 548 591 585 hie
611 559 746 585 sensus
767 560 843 584 non
864 547 1226 597 subintellegendus
1247 548 1310 598 sit,
1329 548 1396 587 sed
1416 548 1649 589 vocabulum
1668 562 1774 599 pror-

376 619 441 644 sus
473 618 542 654 pro
574 606 647 643 duo
684 607 872 654 ponatur:
914 607 1023 644 1326
1058 607 1224 653 gemellis
1260 618 1344 644 cum
1380 608 1557 655 iuqamus
1592 608 1777 657 syllabam

373 665 575 702 vocalibus.

364 733 506 770 Lexica
542 732 725 770 translati
757 745 893 771 sensus
926 734 1102 783 exempla
1132 747 1152 772 e
1184 733 1294 774 Caes.
1328 734 1408 775 Col.
1438 735 1536 775 Plin.
1568 736 1683 775 Mart.
1713 737 1778 775 ad-

248 792 395 840 ferunt,
422 790 522 828 adde
546 790 660 835 Quer.
683 792 719 838 2,
739 791 765 828 4
788 793 965 839 yemellas
988 793 1186 839 formulas.

249 855 315 913 (ἢ)
325 856 570 909 Graeculu83
597 861 731 898 littera
754 861 782 898 h
807 862 888 900 216
912 860 1103 901 Graecula
1129 864 1314 911 Quaedam
1337 864 1518 902 scholicae
1540 865 1655 903 nitela
1677 835 1779 904 vocis·

306 923 486 968 vocatur3
518 920 612 957 haec
642 931 718 958 vox
749 920 852 968 apud
884 920 1052 969 optimos
1083 921 1291 970 scriptores
1314 922 1543 972 plerumque
1568 922 1608 960 in
1633 923 1774 961 malam

306 980 460 1027 partem
484 977 665 1016 vertitur.

249 1035 521 1093 (†)labellum
549 1043 643 1091 120,
672 1042 767 1089 134,
795 1037 889 1089 144,
917 1042 1011 1091 188,
1039 1044 1133 1090 191,
1160 1044 1254 1091 227,
1289 1042 1355 1081 sed
1380 1043 1492 1082 abest
1515 1044 1573 1083 vis
1598 1043 1774 1083 deminu-

303 1101 400 1150 tiva,
425 1112 543 1149 quam
567 1099 688 1138 habet
711 1100 815 1148 apud
842 1099 967 1138 Plaut.
995 1100 1071 1139 Cio.
1092 1100 1234 1139 Catull.
1260 1100 1345 1140 Liv.
1371 1101 1482 1140 alios.

246 1162 300 1212 -Η-
309 1159 455 1201 limula
475 1176 567 1202 voce
592 1165 678 1213 lege
705 1164 820 1202 metri
845 1165 1002 1202 coactus
1020 1176 1115 1203 usus
1135 1166 1195 1203 est
1215 1166 1297 1203 284
1322 1166 1505 1213 perpolite
1527 1177 1603 1213 qua
1618 1167 1774 1214 potestis

304 1223 491 1260 crebriore
515 1223 670 1266 limula,·
704 1221 884 1261 similiter
909 1223 1001 1261 lima
1026 1235 1142 1272 saepe
1167 1223 1406 1261 transfertur
1436 1225 1481 1262 ut
1509 1224 1559 1262 ab
1582 1223 1676 1263 Hor.
1701 1222 1770 1263 Ov.

303 1279 406 1318 Vell.
433 1279 563 1325 Quint.
591 1280 705 1319 Mart.
732 1280 830 1318 Plin.
857 1293 915 1330 ep.
941 1280 1058 1330 Apul.

252 1339 317 1396 (†)
341 1340 538 1382 litterula
568 1357 661 1382 voce
686 1345 764 1382 iam
788 1356 812 1382 a
837 1343 915 1382 Cio.
940 1344 1116 1383 adhibita
1141 1344 1398 1383 Terentianus
1422 1346 1582 1395 propter
1605 1346 1769 1384 metrum

302 1416 373 1452 pro
398 1404 522 1441 littera
551 1404 634 1441 215
663 1414 757 1441 usus
783 1404 854 1450 est,
879 1415 971 1440 nam
996 1403 1054 1441 vis
1081 1403 1321 1442 deminutiva
1345 1403 1468 1442 abest.

243 1463 444 1517 longulus
474 1467 535 1505 bis
559 1469 722 1516 propter
746 1467 916 1504 metrum
939 1466 1163 1516 usurpavit:
1202 1467 1312 1506 2189
1347 1469 1387 1505 et
1421 1467 1549 1516 27293
1578 1466 1651 1505 hae
1679 1478 1772 1504 voce

305 1525 439 1564 Cicero
465 1526 514 1563 ad
539 1526 622 1563 Att.
646 1526 711 1575 16,
733 1526 785 1563 13
812 1537 906 1563 usus
932 1527 1002 1575 est,
1027 1525 1211 1564 adverbio
1237 1525 1384 1573 lonyule
1401 1524 1528 1563 Plaut.
1549 1523 1635 1563 Ter.
1654 1524 1772 1573 Apul.

242 1591 437 1634 novellus
468 1598 529 1633 ter
559 1595 705 1643 legitur
731 1596 854 1642 1973,
881 1595 1006 1642 2241,
1034 1595 1162 1645 2529,
1193 1594 1241 1632 of.
1266 1605 1384 1643 supra
1412 1607 1450 1643 p.
1470 1594 1551 1632 296
1566 1603 1622 1642 sq.
1647 1591 1772 1630 Krebs

303 1654 399 1692 haec
429 1653 567 1691 habet:
595 1649 803 1697 ‘Non-ellus,
824 1653 931 1701 jum,
956 1652 1097 1702 gehort
1122 1652 1191 1690 der
1214 1651 1534 1701 Bauernspraohe
1559 1645 1631 1688 an'
1656 1644 1772 1702 (Cato

303 1711 381 1751 Cic.
406 1711 519 1749 Varr.
547 1711 663 1761 Verg.
689 1711 759 1749 Ov.
785 1710 866 1749 Col.
892 1710 994 1749 Plin.
1019 1705 1100 1763 aL).
1149 1710 1402 1748 Translatum
1427 1711 1489 1747 est
1513 1709 1562 1747 ab
1593 1706 1663 1746 Ov.
1688 1706 1772 1746 Liv.

305 1770 453 1808 Arnob.
474 1766 615 1819 Veget.
640 1770 702 1819 al.,
728 1781 844 1818 saepe
869 1769 986 1806 etiam
1013 1781 1037 1806 a
1062 1768 1177 1818 Cypr.
1203 1768 1360 1806 Hieron.
1379 1766 1530 1805 Ennod.
1555 1765 1775 1805 adhibitum

302 1831 373 1875 est,
401 1823 645 1877 ‘uberhaupt
668 1828 721 1865 im
747 1826 1035 1865 afrikanischen
1059 1826 1198 1864 Latein
1208 1822 1233 1873 ⁹,
1260 1827 1304 1863 ut
1328 1825 1385 1864 ait
1403 1824 1543 1872 Krebs,
1569 1819 1669 1861 ‘und
1689 1823 1774 1861 hier

301 1898 399 1934 ganz
424 1886 476 1923 im
503 1885 622 1923 Sinne
646 1898 723 1923 von
747 1881 899 1923 novus'.

249 1943 492 1999 opuseulum
512 1961 645 1986 vocem
664 1948 922 1986 Terentianus
947 1947 1115 1986 fortasse
1141 1959 1162 1985 e
1181 1946 1369 1996 Septimio
1395 1945 1572 1995 sumpsit,
1597 1945 1643 1983 cf.
1661 1945 1768 1983 1881

305 2007 430 2045 dulcia
451 2006 655 2054 Septimius
673 2008 738 2053 qui
761 2007 913 2053 scripsit
936 2006 1119 2053 opuscula
1142 2017 1274 2053 nuper,
1303 2006 1413 2043 1975
1433 2004 1634 2052 Septimius
1651 2003 1775 2041 docuit

301 2077 372 2112 quo
395 2066 502 2102 ruris
526 2066 707 2112 opuscula
732 2065 847 2110 libro,·
879 2063 956 2101 Cic.
981 2063 1074 2102 Hor.
1101 2062 1238 2112 Veget.
1263 2063 1410 2101 Auson.
1436 2062 1556 2101 Solin.

244 2124 428 2179 plusculi
466 2130 600 2177 24493
636 2127 765 2166 Plaut.
791 2128 876 2166 Ter.
904 2127 981 2166 Cic.
1008 2127 1090 2166 Col.
1121 2127 1267 2165 Fronto
1298 2122 1353 2177 (p.
1375 2127 1427 2165 69
1447 2120 1515 2178 Ν.)
1546 2125 1663 2174 Apul.
1688 2125 1778 2173 alii3

301 2187 450 2226 Gellius
477 2189 538 2225 ter
556 2187 745 2234 plusculi,
772 2187 1016 2234 complusculi
1039 2190 1179 2235 quater
1203 2185 1339 2234 habet3
1364 2184 1412 2222 cf.
1437 2184 1560 2222 lexiea
1585 2186 1625 2221 et
1649 2182 1775 2232 Vogel

244 2304 481 2347 versiculus
513 2309 591 2347 vim
616 2308 897 2347 deminutivam
928 2307 1049 2346 habet
1075 2308 1205 2357 2178,
1238 2319 1315 2346 non
1348 2305 1467 2344 habet
1494 2307 1624 2356 1914,
1650 2306 1776 2356 2044,

302 2369 431 2416 20553
459 2368 530 2406 hoc
555 2368 744 2406 vocabulo
768 2367 847 2405 iam
873 2365 949 2405 Cic.
975 2365 1119 2405 Catull.
1144 2365 1238 2404 Hor.
1264 2364 1335 2404 Ov.
1356 2363 1436 2403 Col.
1458 2364 1572 2402 Mart.
1592 2363 1691 2403 Plin.
1715 2376 1775 2412 ep.

302 2427 362 2464 usi
389 2429 491 2465 sunt.

241 2485 432 2541 †vocula
468 2492 627 2539 propter
664 2491 832 2528 metrum
863 2489 923 2528 bis
954 2502 1024 2538 pro
1057 2489 1197 2527 vocalis
1220 2487 1383 2537 legitur:
1426 2488 1506 2525 116
1533 2486 1574 2524 Ε
1595 2497 1691 2534 quae
1714 2497 1769 2524 se-

299 2550 427 2596 quitur
450 2550 583 2587 vocula
608 2550 762 2587 dissona
787 2552 840 2587 est
856 2549 995 2596 priori,
1022 2549 1103 2586 529
1125 2557 1149 2585 o
1171 2550 1204 2584 et
1222 2558 1246 2584 υ
1268 2577 1274 2585 .
1296 2576 1304 2584 .
1325 2573 1353 2589 .,
1379 2542 1483 2583 ἰῶτα
1500 2546 1584 2592 quis
1607 2546 1643 2583 si
1658 2555 1774 2592 prae·

299 2607 449 2651 locetur,
475 2611 550 2645 tres
573 2608 742 2645 videmus
760 2608 935 2652 voculas,-
959 2606 1062 2644 idem
1085 2604 1317 2644 vocabulum
1338 2605 1420 2642 502
1447 2615 1471 2642 a
1490 2602 1665 2641 Dawesio
1685 2614 1774 2640 con-

301 2667 444 2703 iectum
470 2667 540 2716 est,
567 2665 632 2703 ubi
660 2665 698 2702 Μ
724 2666 915 2703 vocalibus
941 2665 1071 2711 habet,
1095 2663 1280 2713 Micyllus
1305 2663 1457 2700 vocibus
1480 2660 1646 2709 scripsit.
1689 2659 1774 2698 Vox

302 2725 435 2761 vocula
454 2724 503 2761 ab
524 2736 665 2762 aureae
680 2736 797 2773 quam
811 2735 995 2762 vocamus
1009 2722 1153 2761 aetatis
1166 2720 1445 2760 consuetudine
1459 2719 1595 2767 aliena,
1613 2722 1655 2756 at
1667 2717 1773 2767 apud

302 2782 537 2820 Frontonem
559 2781 725 2820 Gellium
746 2782 957 2830 Apuleium
983 2780 1298 2830 frequentissima
1322 2780 1383 2817 est
1401 2772 1466 2830 (cf.
1486 2776 1613 2826 Vogel
1639 2789 1675 2825 p.
1698 2769 1773 2828 11)

301 2851 426 2889 neque
454 2843 584 2878 tamen
611 2854 655 2878 eo
682 2853 817 2890 sensu,
843 2852 958 2890 quem
983 2839 1088 2889 apud
1114 2838 1391 2876 Terentianum
1416 2835 1544 2874 habet.

361 2907 582 2957 [Accedunt
602 2910 781 2958 Septimii
802 2910 938 2947 verba:
