1878 3242
554 158 610 193 De
634 155 850 193 Terentiani
877 166 1044 191 sermone
1070 155 1110 190 et
1134 155 1268 190 aetate.
1602 149 1692 191 345

132 284 301 312 mannus
337 270 621 310 Terentianum
655 270 862 321 aequalem
899 269 1022 308 fuisse
1058 267 1318 318 existimavit,
1355 266 1397 304 in
1431 265 1691 306 collocatione

134 332 275 371 harum
300 331 589 382 particularum
613 330 742 369 multo
768 329 982 368 audaciora
1006 328 1211 378 praebent.

249 391 326 430 Sed
350 391 431 430 iam
456 391 505 429 ad
532 390 745 430 verborum
771 389 970 440 syntaxim
996 387 1282 427 transeundum
1310 387 1388 437 est,
1420 385 1483 425 cui
1508 385 1691 424 coniunc-

130 451 283 491 tionum
309 453 350 490 et
374 450 655 491 adverbiorum
680 450 796 489 index
822 448 1026 488 adicietur.

763 643 828 679 De
858 634 1062 693 verbis.¹)

253 726 312 764 De
345 724 590 775 temporibus
616 724 812 775 imprimis
838 724 940 763 liber
965 723 1092 761 futuri
1117 734 1212 762 usus
1237 722 1436 761 notandus
1463 724 1542 770 est,
1573 722 1644 771 qui
1668 735 1693 760 a

130 798 269 825 severo
290 784 489 824 Ciceronis
517 786 558 823 et
583 785 761 823 excultae
785 783 1001 822 latinitatis
1027 795 1100 821 usu
1126 782 1327 831 abhorret,
1354 782 1423 821 sed
1448 782 1490 820 in
1509 794 1691 821 sermone

129 844 348 885 cottidiano
375 857 532 895 semper
557 844 743 894 frequens
768 843 846 882 fuit
856 837 904 897 ²).
947 842 1002 881 Et
1027 842 1134 892 apud
1154 842 1437 880 Terentianum
1462 854 1542 880 non
1562 842 1691 880 solum

127 905 169 944 in
204 904 409 944 enuntiato
444 904 652 954 primario,
692 917 781 942 cum
815 903 855 942 in
891 901 1126 942 secundario
1161 901 1261 940 talia
1290 901 1532 952 respondent
1556 901 1692 951 qualia

129 967 239 1004 sunt:
264 977 361 1014 opus
380 967 444 1010 est,
463 976 612 1003 necesse
631 966 694 1008 est,
707 966 843 1012 potest,
863 962 986 1002 verba
1004 962 1265 1011 imperativae
1285 962 1436 1000 formae
1456 963 1527 1000 aut
1545 974 1690 1012 gerun-

128 1024 261 1074 divae,
294 1023 475 1063 futurum
508 1026 667 1074 tempus
698 1022 917 1070 invenitur,
955 1020 1024 1060 sed
1051 1033 1166 1071 saepe
1192 1021 1304 1059 nullo
1330 1020 1558 1059 discrimine
1583 1021 1690 1060 facto

126 1086 307 1134 tempora
332 1095 519 1133 praesens
547 1085 587 1121 et
611 1083 794 1121 futurum
820 1083 925 1120 inter
951 1093 993 1120 se
1018 1080 1260 1130 respondent
1283 1081 1326 1118 et
1342 1080 1456 1119 iuxta
1474 1082 1689 1130 ponuntur.

126 1143 248 1190 Quasi
272 1142 498 1193 legitimum
522 1143 658 1181 autem
682 1143 756 1181 hoc
781 1142 962 1180 futurum
989 1142 1062 1191 est,
1089 1140 1123 1178 si
1146 1139 1398 1179 enuntiatum
1418 1139 1688 1179 condicionale

125 1203 232 1242 modi
258 1202 497 1242 coniunctivi
522 1202 684 1241 accedit.
729 1200 817 1248 Qua
841 1214 889 1240 ex
907 1214 951 1239 re
970 1200 1255 1240 Terentianum
1274 1212 1353 1239 non
1372 1199 1431 1238 ita
1450 1200 1577 1239 multo
1596 1203 1689 1250 post

124 1262 364 1301 latinitatem
397 1263 629 1311 argenteam
661 1274 762 1312 quae
792 1262 958 1301 vocatur
983 1260 1108 1299 fuisse
1133 1260 1313 1299 concludi
1337 1261 1490 1309 posset,
1522 1260 1555 1298 si
1580 1262 1687 1300 recte

129 1317 384 1371 Draeger112
408 1323 488 1361 721
518 1321 790 1360 contenderet:
817 1316 884 1360 ‘So
911 1319 1066 1359 scheint
1091 1319 1198 1358 diese
1219 1318 1502 1359 Construction
1522 1320 1598 1359 seit
1617 1319 1687 1359 der

126 1381 375 1420 klassischen
412 1381 500 1420 Zeit
541 1382 682 1419 immer
719 1381 832 1419 mehr
869 1394 915 1419 zu
954 1375 1280 1420 vei-schwinden.'
1345 1378 1423 1418 Sed
1459 1391 1600 1418 vereor
1638 1394 1687 1419 ne

124 1441 305 1491 Draeger
345 1440 448 1480 falso
487 1440 740 1490 iudicaverit,
783 1451 1024 1490 quamquam
1059 1439 1329 1489 exemplorum
1365 1438 1478 1488 copia
1512 1439 1685 1491 undique

124 1501 405 1550 congestorum
437 1513 529 1539 eum
563 1500 745 1539 refellere
770 1511 874 1538 nunc
898 1512 977 1538 non
1002 1511 1177 1548 possum.
1228 1498 1380 1537 Tamen
1405 1510 1510 1537 unus
1536 1498 1589 1538 sit
1613 1512 1685 1549 pro

124 1559 323 1610 omnibus;
356 1560 462 1609 apud
488 1559 659 1598 Marium
691 1559 796 1598 enim
821 1558 1074 1598 Victorinum
1104 1559 1202 1597 haec
1228 1558 1528 1596 enuntiatorum
1553 1558 1684 1598 condi-

125 1618 340 1659 cionalium
365 1619 493 1658 forma
517 1619 840 1669 frequentissima
865 1621 943 1668 est3
968 1618 1016 1657 cf.
1036 1617 1170 1656 Hense
1194 1631 1233 1668 p.
1255 1619 1340 1656 114
1354 1630 1411 1667 sq.

240 1677 305 1717 Ab
339 1678 470 1717 altera
505 1680 639 1717 autem
673 1680 789 1729 parte
821 1677 942 1717 etiam
973 1678 1013 1716 in
1045 1677 1251 1716 enuntiato
1283 1676 1473 1727 pendenti
1497 1690 1569 1728 pro
1596 1691 1686 1718 con-

121 1738 296 1778 iunctivo
326 1738 534 1788 particulis
565 1739 600 1778 si
633 1739 711 1777 nisi
735 1738 824 1776 aliis
849 1740 957 1777 recto
983 1749 1280 1787 nonnumquam
1304 1737 1486 1775 futurum
1511 1738 1683 1788 ponitur.

121 1798 264 1848 Itaque
289 1799 447 1848 tempus
472 1798 653 1836 futurum
678 1797 758 1837 vim
784 1797 987 1848 propriam
1014 1797 1121 1847 apud
1140 1796 1426 1836 Terentianum
1452 1809 1569 1848 saepe
1588 1799 1684 1837 ami·

122 1857 221 1897 sisse
246 1859 286 1896 et
309 1857 520 1908 potentiali
546 1857 716 1907 quodam
743 1857 967 1907 significatu
988 1856 1211 1895 adhibitum
1231 1869 1317 1896 esse
1336 1855 1591 1896 iudicandum
1611 1861 1681 1898 est.

122 1917 262 1967 Neque
280 1916 356 1956 hoc
374 1916 520 1955 mirum
540 1919 601 1956 est
620 1916 848 1966 respicienti
861 1916 1029 1956 Romani
1047 1916 1197 1966 ingenii
1216 1916 1420 1966 propriam
1440 1918 1482 1956 et
1500 1917 1681 1958 strictam

121 1976 419 2016 enuntiatorum
451 1976 742 2026 copulationem
773 1976 814 2015 in
851 1975 1081 2015 Terentiani
1112 1987 1294 2016 sermone
1324 1975 1565 2016 cottidianae
1591 1990 1682 2018 con-

120 2035 321 2076 suetudini
350 2036 527 2076 cessisse.
577 2036 682 2075 Nam
705 2036 746 2074 in
772 2037 845 2075 hac
869 2036 938 2075 ille
963 2048 1061 2075 usus
1087 2036 1274 2086 frequens
1300 2038 1405 2088 erat,
1432 2037 1480 2076 cf.
1500 2036 1548 2075 H.
1570 2037 1682 2077 Latt-

118 2108 256 2144 mann,
291 2095 500 2135 Gebrauch
536 2096 607 2134 der
638 2096 836 2146 Tempora
869 2096 923 2134 im
955 2095 1061 2134 Lat:
1096 2091 1169 2135 ‘So
1202 2095 1327 2134 findet
1358 2095 1442 2135 sich
1474 2097 1546 2136 das
1578 2092 1680 2151 (scil.

121 2150 304 2209 modale)
340 2154 468 2194 Futur
501 2155 744 2195 namentlich
780 2154 844 2194 bei
879 2154 1199 2194 deffKomikern
1231 2155 1313 2193 und
1344 2155 1386 2194 in
1418 2156 1493 2195 den
1518 2156 1681 2196 Briefen

122 2213 281 2254 Ciceros
321 2215 402 2254 und
434 2214 604 2254 Senecas
642 2212 714 2266 (cf.
746 2216 956 2264 praeterea
986 2214 1149 2253 Kuhner
1172 2214 1215 2252 II
1239 2212 1265 2264 ἓ
1285 2216 1360 2265 36,
1391 2215 1431 2253 in
1462 2229 1500 2255 11.
1521 2217 1546 2255 3
1574 2219 1615 2255 et
1634 2219 1679 2268 43

122 2273 298 2314 Vitruvii
321 2274 428 2313 locos
454 2273 661 2313 Eberhard
679 2274 721 2312 II
738 2287 777 2323 p.
797 2275 821 2313 8
837 2286 894 2324 sq.
919 2271 1150 2324 congessit).

238 2332 387 2372 Contra
422 2346 610 2383 praesens
647 2333 850 2372 interdum
880 2333 950 2372 ubi
978 2334 1159 2372 futurum
1191 2335 1444 2383 exspectatur
1476 2334 1680 2375 invenitur

122 2387 230 2445 (cum
255 2393 458 2442 praecedit
482 2393 658 2432 condicio
687 2387 854 2444 futura),
880 2406 959 2443 qua
983 2393 1031 2431 de
1050 2405 1094 2431 re
1113 2393 1375 2432 conferendus
1394 2394 1457 2432 est
1476 2393 1622 2445 Draeg.
1643 2390 1682 2434 1³

121 2453 223 2492 286:
250 2447 385 2492 ‘Trotz
410 2452 481 2491 der
500 2452 667 2503 Strenge
688 2452 757 2491 des
777 2452 939 2491 Lateins
959 2452 1015 2491 im
1034 2451 1243 2491 Gebrauch
1262 2452 1332 2491 der
1351 2452 1506 2493 Futura
1525 2445 1679 2495 kommt

123 2511 222 2551 doch
248 2511 350 2551 auch
375 2511 446 2550 das
471 2511 663 2551 Praesens
689 2525 773 2562 vor,
800 2525 860 2551 wo
885 2524 979 2550 man
1003 2511 1074 2550 das
1092 2511 1290 2550 Futurum
1314 2514 1514 2554 erwartet.
1564 2514 1678 2554 Nach

119 2570 195 2610 den
220 2570 370 2610 Stellen
395 2584 442 2609 zu
468 2570 654 2620 urteilen,
680 2571 744 2610 die
770 2570 910 2610 Holtze
930 2571 971 2610 H
991 2570 1029 2611 S.
1052 2573 1224 2612 67—69
1251 2571 1436 2623 mitteilt,
1461 2574 1566 2612 muss
1592 2573 1676 2615 dies

237 2673 271 2717 1)
302 2671 387 2707 Non
419 2670 591 2707 omittam
622 2672 805 2717 pluralem
835 2684 1031 2708 numerum
1061 2673 1258 2709 verborum
1288 2684 1355 2718 pro
1383 2673 1563 2719 singulari
1587 2677 1677 2721 poni

119 2723 228 2756 10162
266 2730 423 2756 consona
455 2719 601 2765 9emina
627 2746 634 2754 .
655 2747 663 2755 .
685 2747 693 2755 .
719 2730 781 2755 seu
813 2723 900 2756 sunt
926 2747 934 2755 .
956 2747 963 2755 .
986 2749 993 2756 .
1016 2747 1024 2756 .
1049 2720 1123 2756 sive
1156 2721 1223 2756 has
1258 2724 1296 2756 et
1330 2724 1423 2757 2608
1459 2722 1555 2768 quod
1586 2735 1677 2768 pars

118 2768 348 2804 bacchiacum
379 2770 520 2802 vocant.
571 2765 673 2808 Quae
705 2767 932 2802 constructio
964 2778 1167 2812 numquam
1195 2767 1331 2813 defuit,
1367 2769 1432 2804 sed
1460 2769 1674 2815 saepissime

117 2815 216 2861 apud
239 2813 385 2851 Livium
412 2814 549 2855 exstat;
577 2813 622 2850 cf.
643 2813 774 2859 Draeg.
798 2814 830 2848 1²
854 2819 919 2851 170
934 2826 986 2860 sq.

234 2864 271 2906 2)
286 2861 352 2898 cf.
373 2860 656 2907 Haase-Reisig
683 2861 829 2897 ‘VorlL'
857 2874 893 2908 p.
913 2865 994 2907 456,
1020 2862 1104 2899 adn.
1125 2865 1205 2899 456.
1263 2863 1481 2899 Accuratius
1508 2865 1554 2900 de
1583 2867 1674 2902 tem—

117 2920 247 2954 porum
272 2921 341 2945 usu
366 2909 404 2946 C.
431 2909 527 2945 Foth
554 2909 633 2954 egit
657 2909 696 2944 in
721 2908 919 2946 Boehmeri
947 2910 1117 2947 ‘Romam
1144 2910 1263 2947 Stud.'
1292 2911 1416 2948 fascic.
1444 2916 1465 2948 8
1490 2925 1525 2959 p.
1553 2918 1574 2950 3
1595 2925 1673 2960 sqq.

115 2956 198 3003 (Die
222 2955 502 3003 Verschiebung
526 2955 592 2993 lat.
613 2957 823 3003 Tempora.)
