1878 3242
249 161 335 201 340
910 159 952 196 A.
973 161 1119 197 Werth:

250 272 355 309 edere
385 282 428 308 ex
457 281 535 309 sese
565 271 729 313 brevem,
767 271 874 309 1447
907 268 1058 310 iambus
1089 271 1306 320 tribrachyn
1337 283 1381 309 ex
1410 282 1488 310 sese
1519 274 1620 310 creat
1650 266 1719 325 (ew
1742 283 1782 311 se

252 329 348 366 falso
370 329 425 378 M,
457 329 526 367 aut
550 340 637 366 eum
657 327 815 367 Lachm.
841 340 885 367 ex
908 341 987 368 sese
1010 331 1079 368 aut
1104 331 1148 368 de
1172 341 1211 368 se
1235 323 1376 382 legas),
1404 330 1515 368 2073
1541 341 1585 368 ea:
1601 330 1668 369 hoc
1684 332 1779 378 facil

249 384 334 425 ἀπὸ
365 359 554 434 μείζονος
585 387 660 430 edi,
694 387 806 425 2148
831 386 1028 426 Aeolicum
1057 399 1102 426 ex
1131 389 1200 426 isto
1227 389 1357 436 yenuit
1380 388 1594 426 doctissima
1616 387 1781 436 Sappho,

252 447 360 484 2201
387 447 576 494 spondeon
601 447 634 483 et
658 456 749 492 qnos
772 446 841 484 iste
857 457 928 494 pes
953 457 996 485 επ
1019 457 1058 485 se
1083 449 1195 490 creat,
1222 447 1333 486 2735
1359 446 1491 495 reyula
1509 457 1604 494 quae
1622 447 1722 485 dedit
1739 458 1783 486 a

250 516 289 541 so
313 507 392 542 tam
416 506 545 542 varios
568 504 706 542 modos.

366 556 412 614 4)
438 562 597 600 modum
623 555 691 613 (cf.
709 561 851 611 Draeg.
870 557 908 600 1²
929 563 1010 602 636
1032 575 1060 601 s.
1080 575 1116 601 n.
1139 557 1200 615 6):

367 622 477 658 1552
514 631 558 658 ex
590 620 739 664 ordine,
775 621 888 659 2080
907 632 964 671 sq.
997 622 1096 660 binis
1130 622 1302 660 brevibus
1335 633 1431 669 quae
1465 622 1615 659 totidem
1649 622 1782 670 iuyare

247 679 380 726 Ionqas
404 690 448 716 ox
472 680 604 717 ordine
627 690 772 726 semper
796 680 887 717 solet
910 682 943 717 el
961 682 1083 718 tenere
1101 680 1225 728 leyem.
1269 679 1457 718 Similiter
1475 678 1610 718 Cicero
1630 691 1674 718 ex
1692 680 1779 728 leae,

245 748 289 774 ex
313 739 407 780 iure,
433 748 477 775 ex
502 740 688 780 convento,
715 736 860 775 Caesar
885 749 928 776 ex
952 739 1227 782 comuetvwline,
1252 750 1296 776 occ
1314 749 1428 782 more,
1454 737 1664 776 Terentius
1685 737 1778 776 Ver-

245 795 363 845 gilius
388 794 540 834 Gellius
567 795 646 833 alia
669 795 737 833 alii
763 795 956 835 dixerunt.

362 848 406 904 5)
433 865 607 905 causam:

358 913 469 950 2476
497 913 609 960 lonya
632 924 724 950 nam
747 913 793 959 fit
817 914 927 952 tertia
951 916 1176 952 consonante
1200 924 1244 951 ex
1262 913 1395 952 altera.
1438 913 1674 964 Plerumque
1693 925 1719 952 a
1738 913 1781 951 in

243 970 391 1009 talibus
425 971 639 1010 enuntiatis
671 982 695 1008 a
720 970 956 1010 Terentiano
987 972 1162 1021 ponitur,
1195 971 1264 1010 sed
1294 971 1602 1010 instrumentum
1634 971 1777 1022 signat,

244 1029 289 1066 cf.
309 1042 345 1077 p.
367 1029 463 1068 335.
534 1029 600 1067 Ex
635 1029 876 1078 praepositio
913 1030 1082 1068 causalis
1113 1030 1293 1068 omnibus
1325 1030 1566 1079 temporibus
1600 1029 1780 1068 adhibita

243 1089 322 1136 est,
355 1087 403 1125 cf.
429 1087 572 1136 Draeg.
597 1081 636 1125 Ι2
660 1101 695 1136 p.
724 1088 806 1126 637
839 1099 869 1126 s,
893 1100 998 1126 num.
1027 1091 1063 1139 7,
1099 1089 1167 1127 sed
1201 1088 1347 1127 rectius
1381 1089 1551 1127 fortasse
1586 1088 1778 1138 Draegeri

243 1157 348 1183 num.
370 1147 394 1184 8
421 1148 684 1195 comparatur,
708 1145 778 1183 ubi
803 1158 850 1185 ea
875 1147 1052 1195 exempla
1075 1147 1116 1184 in
1140 1146 1283 1196 quibus
1308 1158 1352 1185 ex
1375 1159 1446 1196 pro
1472 1147 1647 1186 ablativo
1675 1147 1780 1184 nudo

242 1203 402 1252 ponitur
426 1204 639 1253 congessit3
664 1204 713 1243 cf.
731 1204 923 1253 imprimis
947 1204 1144 1243 Laetantii
1168 1206 1306 1245 verba:
1331 1216 1376 1244 επ
1400 1216 1472 1254 quo
1495 1206 1540 1252 fit
1562 1208 1613 1244 ut.

361 1256 406 1315 6)
430 1263 751 1301 instrumentum:

359 1321 472 1359 2543
499 1332 543 1358 ea·
565 1332 642 1359 wno
667 1315 831 1372 (metro)
855 1323 1013 1368 possent
1036 1322 1218 1360 adiuncta
1240 1318 1390 1370 referri.

358 1379 473 1416 Hune
504 1391 618 1417 usum
647 1378 764 1417 Hand
794 1379 834 1416 in
858 1379 935 1418 vol.
953 1379 993 1418 H
1011 1393 1046 1428 p.
1070 1381 1152 1418 643
1187 1379 1426 1430 depravatae
1456 1380 1668 1419 latinitatis
1693 1392 1778 1419 esse

242 1439 375 1475 censet
397 1449 524 1486 neque
549 1437 629 1475 nisi¹
645 1436 824 1487 Palladii,
849 1437 1010 1488 Hygini,
1036 1438 1213 1487 Emporii
1237 1438 1418 1488 rhetoris,
1443 1439 1633 1488 epitaphii
1653 1439 1778 1478 cuius-

242 1496 331 1533 dam
370 1495 528 1544 singula
561 1496 740 1544 exempla
775 1495 922 1545 adfert,
959 1496 1027 1534 sed
1061 1496 1350 1536 Tertullianum
1386 1498 1462 1535 iam
1501 1497 1657 1547 saepius
1693 1509 1779 1536 eam

242 1553 571 1602 praepositionem
595 1554 652 1592 ita
676 1566 887 1603 usurpasse
912 1554 1075 1605 Langen
1098 1568 1135 1604 p.
1153 1557 1203 1594 17
1232 1555 1414 1596 ostendit.

357 1611 404 1650 In
428 1625 463 1650 v.
479 1614 591 1651 2026
625 1614 757 1650 autem
786 1625 880 1650 num
906 1613 1146 1652 Lachmanni
1177 1614 1399 1653 coniectura
1429 1615 1537 1663 ipsas
1562 1615 1647 1663 liyet
1671 1626 1715 1652 ex
1738 1626 1778 1652 se

242 1673 366 1708 tamen
391 1671 524 1709 ambas
549 1671 751 1720 probanda
775 1671 828 1709 sit
852 1672 999 1720 nesei03
1023 1671 1191 1711 fortasse
1215 1673 1356 1712 vitium
1381 1673 1422 1710 in
1448 1676 1573 1711 tamen
1597 1673 1709 1712 latet.

986 1784 1035 1819 In

279 1856 281 1858 ’
355 1847 385 1885 Ι.
410 1858 498 1885 eum
523 1847 762 1886 accusativo:

352 1899 397 1956 1)
423 1917 505 1942 rem
524 1905 566 1942 in
584 1916 701 1954 quam
720 1904 868 1954 aliquid
883 1906 1061 1943 mutatur
1074 1905 1223 1943 usitata
1236 1905 1392 1944 notione
1405 1905 1548 1957 signat,
1566 1906 1615 1945 ef.
1627 1905 1771 1956 Draeg.

239 1958 277 2000 1²
298 1964 394 2013 655,
415 1964 452 2012 3,
471 1975 511 2001 a:

357 2022 438 2060 381
467 2022 566 2060 duae
588 2023 740 2060 iwnclae
762 2022 877 2060 simul
901 2021 1087 2069 syllabam
1111 2024 1248 2060 sonant
1271 2023 1313 2060 in
1335 2034 1475 2066 unam,
1508 2023 1618 2061 1132
1637 2034 1709 2071 pes
1732 2025 1775 2061 in

238 2080 412 2127 dactylon
435 2081 492 2118 ire
515 2080 673 2123 videtur,
702 2081 812 2118 1622
839 2081 1027 2128 spondeus
1050 2082 1092 2118 in
1116 2081 1290 2128 dactylon
1313 2082 1383 2119 ibit
1406 2076 1527 2132 (quod
1554 2081 1773 2131 exemplum

239 2150 361 2187 prope
399 2138 448 2175 ad
479 2138 637 2176 tertiam
669 2138 993 2188 significationem
1023 2133 1214 2192 aceedit),
1254 2139 1364 2178 2347
1397 2150 1489 2187 quos
1519 2141 1562 2178 in
1586 2140 1774 2178 trochaeos

236 2200 337 2234 retro
361 2198 470 2235 vertit
494 2198 659 2235 creticus.

355 2250 400 2306 2)
425 2257 559 2304 partes
583 2255 624 2293 in
649 2267 746 2304 quas
771 2267 834 2294 res
860 2256 1045 2306 solvitur,
1070 2256 1117 2295 of.
1139 2256 1280 2306 Draeg.
1300 2250 1338 2294 1²
1359 2257 1453 2303 657,
1473 2268 1523 2294 e.:

356 2314 467 2352 1133
509 2315 623 2362 inque
663 2315 790 2352 breves
827 2316 1000 2362 ,qeminas
1039 2315 1191 2364 lonyam
1227 2315 1361 2353 laxare
1389 2315 1609 2358 secundam,
1658 2315 1768 2354 1445

236 2372 387 2419 lonqam
410 2372 553 2410 solvere
575 2374 617 2410 in
641 2373 739 2411 duas
763 2373 901 2417 breves,
929 2374 1040 2412 1614
1059 2375 1172 2422 prior
1195 2374 1237 2412 in
1257 2374 1431 2421 yominas
1454 2373 1628 2417 solvetur,
1656 2373 1767 2411 2035

236 2431 386 2477 lonyam
410 2431 452 2468 in
472 2432 645 2478 yeminas
667 2431 773 2471 solvi.

353 2482 399 2541 3)
422 2489 463 2526 in
486 2489 657 2527 formula
680 2491 722 2527 in
746 2492 893 2528 tantum
916 2492 1146 2539 usurpatur:

353 2548 463 2586 1166
490 2548 532 2585 in
556 2550 704 2589 tantum
733 2550 871 2596 vegeta.

351 2604 407 2643 Cf.
433 2604 549 2643 Hand
575 2605 651 2644 vol.
670 2605 730 2644 ΙΙΙ
751 2607 834 2645 332
855 2607 928 2645 sub
946 2618 1051 2645 num.
1072 2607 1144 2645 53:
1170 2602 1351 2657 ‘Antiqui
1377 2606 1586 2656 scriptores
1611 2606 1766 2656 elegan-

234 2663 354 2701 tiores
393 2663 579 2702 dixerunt
614 2667 772 2703 tantum.
839 2664 975 2704 Livius
1013 2666 1053 2703 et
1089 2667 1227 2713 poetae
1266 2665 1462 2715 Augustei
1498 2664 1584 2703 aevi
1619 2666 1662 2703 in
1698 2665 1765 2702 ad-

237 2721 421 2759 diderunt
453 2734 596 2771 eosque
628 2722 751 2761 secuti
783 2725 875 2762 sunt
905 2722 1141 2762 recentiores
1173 2719 1372 2773 plurimi'3
1409 2723 1455 2762 of.
1481 2722 1601 2760 etiam
1625 2722 1767 2761 Kiebs-

234 2777 411 2817 Schmalz
437 2791 465 2818 s.
491 2780 527 2818 h.
548 2794 583 2819 v.
604 2794 640 2829 p.
662 2781 764 2819 642:
809 2776 881 2820 N.
907 2781 969 2820 Kl.
996 2781 1059 2819 bei
1083 2779 1258 2820 Velleius
1291 2782 1371 2820 und
1402 2780 1490 2820 Sen.
1522 2779 1652 2819 Contr.
1687 2781 1764 2819 und

235 2836 369 2887 haufig
399 2838 462 2876 bei
488 2838 648 2876 Tacitus
679 2839 732 2877 ist
755 2841 797 2877 in
821 2840 894 2877 mit
917 2840 1004 2877 dem
1025 2839 1219 2878 Neutrum
1245 2840 1392 2891 einiger
1417 2837 1643 2888 Adjoktive,
1675 2839 1765 2877 z.13.

235 2896 276 2931 in
301 2898 496 2941 quantum,
520 2898 562 2934 in
594 2899 738 2934 lantum
759 2910 795 2935 ιι.
809 2896 901 2946 dgl.,
927 2898 991 2934 sur
1016 2899 1215 2945 quantum,
1241 2899 1398 2936 tantum.
