1878 3242
308 191 391 233 318
956 197 997 231 A.
1023 196 1170 232 werthe

367 305 517 355 priores
544 305 742 356 dixerunt,
775 318 863 344 cum
895 306 1001 356 dupl.
1027 319 1103 344 aec.
1131 306 1223 345 Hor.
1249 306 1338 344 Tac.
1366 306 1471 347 Suet.
1502 308 1665 357 (puellas
1684 322 1827 359 pueros

365 367 396 402 et
413 376 556 411 pucros
574 365 722 412 puellos
747 364 935 411 dictitare)
961 365 1122 403 verbum
1149 364 1439 404 coniunxerunt.

304 419 499 472 pavitare
527 424 637 463 1930
663 424 809 461 attoniti
835 423 951 462 Troes
975 451 984 462 .
1006 454 1013 461 .
1035 453 1042 462 .
1061 424 1263 471 pavitant;
1289 423 1375 462 Ter.
1395 423 1507 463 Lucr.
1526 423 1644 476 Verg.
1660 425 1748 466 Vel.
1766 426 1823 466 ΕΙ.

364 481 450 518 Sen.
476 484 577 530 poet.
603 482 652 519 al.

303 538 358 588 ††
377 535 694 588 perscriptitare
719 538 767 577 cf.
793 541 909 589 paulo
933 540 1034 578 infra
1058 540 1099 578 in
1123 541 1195 579 hac
1224 553 1313 591 pag.

303 592 472 646 pulsare
506 599 599 636 200.

305 652 521 704 receptare
549 657 630 694 965
658 657 802 694 litteras
826 660 950 695 autem
973 660 1162 705 receptant
1184 669 1295 706 saepe
1325 661 1452 698 ternas
1475 659 1663 708 syllabam
1693 660 1828 700 eodem

366 725 481 751 sensu
507 726 531 751 a
557 714 642 752 Ter.
669 714 752 753 Liv.
780 715 881 766 Tac„
906 715 946 753 in
971 715 1061 753 Itin.
1086 715 1196 754 Alex.
1221 716 1436 755 adhibetur.
1691 752 1694 756 .

304 770 568 820 †reeur8are,
596 772 697 821 quod
725 773 887 811 verbum
912 786 935 811 a
959 773 1087 812 Plaut.
1114 772 1226 813 Lucr.
1246 773 1363 824 Verg.
1384 773 1471 813 Seu.
1496 774 1586 815 Tac.
1611 775 1826 816 adhibitum

362 832 438 878 est,
470 843 530 879 ap.
556 830 834 869 Terentianum
870 834 914 870 ut
943 831 1064 871 verba.
1093 833 1271 870 currendi
1306 835 1347 870 et
1376 834 1595 873 recurrendi
1628 833 1708 873 vim
1738 847 1826 885 pro-

360 887 485 937 priam
506 889 655 927 amisit:
681 890 790 928 1367
812 886 1028 938 πυρῤίχιοε
1047 891 1145 928 idem
1164 892 1329 935 vocatur,
1355 892 1490 939 quippe
1508 894 1541 930 et
1565 887 1713 945 actus¹)
1730 904 1828 943 pyr-

362 947 514 985 rhichae
538 950 615 985 tam
639 949 709 986 cito
732 951 835 986 motu
859 951 1031 987 recursat
1054 960 1168 995 quam
1187 949 1314 987 breves
1330 949 1370 987 hi
1387 952 1476 987 sunt
1493 950 1587 993 soni,
1614 950 1722 990 1395
1743 954 1829 990 tm

362 1009 561 1053 sequentur
585 1007 706 1050 ceteri,
730 1009 773 1044 ut
789 1007 907 1054 pedes
931 1008 1003 1045 sibi
1027 1010 1226 1045 recursant
1250 1010 1458 1055 temporum
1482 1008 1632 1051 adversi
1655 1009 1742 1048 vicc.

303 1060 547 1113 scriptitare
567 1080 621 1095 =
641 1066 802 1103 scribere
819 1065 936 1103 solere
955 1066 1054 1114 6453
1082 1065 1138 1102 ita
1158 1064 1254 1103 Plin.
1267 1064 1316 1103 N.
1333 1064 1379 1103 H.
1396 1066 1460 1111 13,
1481 1066 1534 1104 48
1555 1068 1596 1104 et
1608 1065 1692 1105 Vel.
1706 1065 1827 1117 Long.

363 1123 430 1172 57,
451 1124 501 1160 21
526 1122 561 1159 Κ
587 1123 705 1162 verbo
730 1123 791 1161 usi
817 1125 918 1173 sunt,
944 1123 1020 1161 alio
1046 1122 1268 1172 significatu
1293 1122 1410 1161 etiam
1438 1122 1515 1162 Cic.
1535 1123 1623 1163 Tac.
1644 1122 1743 1164 Plin.
1768 1136 1829 1175 ep.

364 1181 572 1229 Augustin.

301 1235 507 1289 temptare
523 1241 605 1278 258
625 1241 671 1277 ut
689 1252 749 1288 ap.
759 1237 1059 1289 Nep.Verg.Ov.
1073 1238 1176 1277 Hirt.
1189 1238 1282 1278 b.G.
1295 1252 1383 1278 cum
1402 1239 1469 1278 inf.
1483 1240 1730 1279 coniunctum
1755 1242 1827 1281 est.

301 1293 491 1335 tractare
518 1299 641 1336 1354.

302 1351 492 1394 vocitare
521 1373 571 1386 =
598 1368 731 1394 vocare
763 1358 887 1406 1462,
925 1357 1048 1405 1487,
1082 1358 1205 1406 1494,
1244 1357 1366 1404 1509,
1401 1357 1524 1407 1556,
1557 1357 1680 1406 1830,
1707 1358 1828 1397 1929.

360 1414 444 1452 Hoc
475 1415 595 1452 verbo
620 1414 733 1452 Varr.
765 1415 878 1453 Lucr.
910 1414 986 1453 Cic.
1012 1414 1108 1463 Nep.
1136 1414 1218 1454 Liv.
1245 1414 1343 1454 Plin.
1369 1414 1457 1453 Tac.
1482 1414 1635 1465 Vopisc.
1669 1414 1738 1453 alii
1766 1414 1830 1454 usi

361 1477 461 1510 sunt.
479 1471 607 1522 [Adde
626 1472 758 1510 lexicis
773 1472 909 1512 Claud.
924 1473 1100 1511 Mamert.
1114 1468 1180 1524 (cf.
1190 1473 1365 1511 Paucker
1382 1472 1494 1512 Subr.
1509 1473 1595 1511 add.
1609 1472 1634 1512 1.
1649 1472 1692 1511 L.
1706 1485 1742 1523 p.
1753 1468 1828 1524 21)

361 1533 401 1570 et
425 1531 537 1578 Quer.
564 1532 631 1579 47,
660 1529 742 1580 19.]

751 1608 856 1644 liaeo
881 1607 1003 1644 verba
1027 1608 1136 1644 solus
1161 1607 1389 1653 usurpavltz

302 1668 523 1722 [absonare
550 1673 662 1711 2024
690 1672 901 1711 secundum
920 1671 1027 1710 Sant.
1053 1672 1103 1710 ad
1130 1685 1162 1710 v.
1185 1673 1280 1719 307,
1307 1671 1375 1709 sed
1400 1671 1472 1709 hoe
1491 1670 1651 1709 verbum
1672 1670 1827 1720 saepius

360 1731 580 1769 adhibitum
611 1743 695 1769 esse
727 1733 907 1780 apertum
938 1732 1014 1777 est,
1046 1730 1148 1780 quod
1178 1730 1219 1767 in
1245 1728 1357 1778 Corp.
1382 1729 1501 1778 gloss.
1525 1728 1566 1766 H
1584 1730 1629 1778 5,
1657 1729 1709 1767 18
1734 1728 1830 1768 haee

358 1790 563 1838 leguntur:
589 1791 727 1827 absono
752 1785 915 1838 ἀπηχῶ,
939 1788 1032 1827 ibid.
1060 1790 1132 1828 19:
1157 1789 1317 1827 absonui
1341 1783 1561 1836 ἀπήχηεα]

303 1843 569 1897 congregalie
597 1849 706 1886 1317
733 1847 925 1885 vinculum
956 1859 1049 1884 nam
1079 1848 1205 1894 signat
1232 1847 1307 1883 ista
1338 1845 1555 1892 comreyale
1587 1845 1696 1883 dictio
1728 1840 1829 1895 (scil.

359 1901 536 1954 syllaba).
587 1903 889 1954 [Congreyabilis
917 1904 1020 1952 apud
1047 1902 1121 1942 cic.
1155 1904 1202 1941 de
1228 1903 1289 1942 off.
1315 1902 1335 1940 I
1364 1903 1455 1952 157,
1489 1901 1668 1941 Ambros.
1693 1902 1740 1940 de
1765 1903 1828 1941 off.

360 1964 379 2001 I
401 1964 466 2013 27,
488 1964 582 2013 128,
607 1963 747 2011 Eulog.
773 1962 813 2000 in
838 1974 959 2000 somn.
985 1961 1082 2011 Scip.
1110 1974 1144 2010 p.
1172 1961 1268 2011 402,
1290 1961 1312 1998 6
1335 1958 1398 2009 Β.]

302 2017 511 2060 disseram
538 2022 591 2060 98
618 2021 765 2059 vocalia
788 2021 924 2059 rictum
947 2021 1024 2058 nisi
1048 2021 1176 2058 iuncta
1200 2019 1433 2058 disserar-int.

302 2075 545 2118 dissonorus
573 2081 654 2118 190
682 2096 734 2110 =
761 2079 943 2117 dissonus.

304 2134 488 2177 docimen
515 2139 626 2177 1932
653 2139 785 2176 inserit
809 2137 926 2175 Inoni
949 2147 1080 2175 versus
1097 2138 1192 2184 puto
1211 2135 1284 2174 tale
1302 2136 1489 2181 donintona,-
1513 2131 1691 2174 docu'mcn
1709 2134 1830 2173 semel

362 2210 423 2246 ap.
447 2196 561 2234 Lucr.
589 2195 644 2233 VI
671 2197 754 2235 392
782 2197 923 2235 exstat.

303 2250 542 2305 fulgidulus
569 2255 650 2294 225
677 2254 869 2302 fulyidula
892 2253 1026 2291 notabo
1050 2253 1165 2291 mitto.

304 2310 537 2362 [inretusus
565 2314 647 2351 307
674 2312 770 2351 coni.
796 2310 960 2359 Senten3
986 2311 1033 2350 cf.
1053 2323 1090 2360 p.
1111 2311 1192 2349 317
1214 2309 1251 2348 h.
1271 2306 1314 2359 1.]

305 2367 452 2410 limula
478 2372 560 2410 284
588 2371 635 2409 cf.
662 2382 781 2419 supra
806 2369 971 2407 indicem
997 2368 1334 2408 deminutivorum.

302 2426 574 2480 perscriptito
607 2431 690 2468 340
723 2424 840 2477 ἄλφα
872 2425 976 2466 ἰῶτα
1006 2424 1140 2476 λάβδα
1170 2422 1290 2473 (ίγμα
1319 2426 1395 2474 leye
1423 2426 1532 2464 metri
1562 2427 1728 2473 coyimur
1757 2425 1831 2473 syl·

362 2490 459 2527 labis
476 2489 776 2536 perscriptitare,
801 2498 877 2525 non
900 2487 1037 2534 fiyuris
1059 2485 1242 2533 sarmatis,-
1266 2478 1475 2536 (perscribo
1505 2478 1646 2536 1626).

303 2543 544 2596 [sesquatus
573 2547 681 2584 1577
709 2558 770 2594 ap.
791 2544 1006 2595 Augustin.
1033 2555 1131 2582 mus.
1151 2541 1171 2580 I
1197 2544 1234 2591 9,
1259 2540 1314 2592 ἐξ
1346 2543 1395 2581 17
1423 2544 1463 2580 et
1490 2542 1541 2581 18
1568 2543 1686 2592 atque
1709 2538 1766 2579 1v
1792 2541 1830 2589 9,

360 2604 385 2654 ἓ
413 2607 467 2644 10
491 2602 717 2653 invenitur]

306 2659 561 2712 [tenaculum
587 2664 640 2701 29
669 2661 831 2701 verbum
857 2660 1002 2699 Santen
1027 2672 1051 2699 a.
1070 2659 1222 2699 Saxone
1240 2657 1494 2709 grammatico
1513 2657 1553 2695 in
1572 2655 1673 2696 Eiet.
1693 2654 1828 2695 Danic.

363 2721 440 2760 VII
464 2735 499 2771 p.
529 2722 643 2760 158³
668 2722 900 2769 usurpatum
924 2730 1010 2758 esse
1035 2715 1159 2768 dicit]

303 2775 518 2830 trilongus
544 2779 625 2819 scil.
650 2790 720 2829 pes
748 2779 855 2817 1401
884 2772 962 2831 (ita
986 2776 1111 2815 Diom.
1137 2777 1232 2825 479,
1255 2777 1275 2814 1
1305 2775 1411 2814 solus
1435 2766 1636 2826 tribrevts).

422 2893 455 2935 1)
482 2890 542 2926 Sic
569 2889 695 2925 malim
720 2900 788 2935 pro
813 2893 930 2934 aptus.
981 2887 1076 2923 Nam
1102 2887 1134 2922 ei
1161 2890 1269 2932 aptus
1292 2896 1373 2921 enm
1398 2884 1435 2920 M
1461 2882 1564 2931 legis,
1588 2881 1773 2928 quomodo
1797 2885 1831 2918 et

303 2937 487 2983 explicas?
513 2938 551 2972 et
577 2947 668 2982 quos
694 2946 801 2971 sonos
827 2935 887 2971 hic
913 2935 1020 2980 putas
1047 2931 1350 2970 commemorari?
