1878 3242
225 185 310 226 342
887 187 929 222 Δ.
950 186 1097 222 Werth:

226 309 262 345 p.
284 297 366 334 608
398 295 490 334 inde
519 296 570 334 ab
602 297 790 346 argentea
814 296 1010 335 latinitate
1035 296 1138 345 apud
1164 294 1250 335 Seu.
1278 294 1410 341 Quint.
1436 294 1535 335 Plin.
1561 308 1620 347 ep.
1644 296 1751 336 Suet.

224 354 364 391 lustin.
388 354 556 393 inveniri
581 354 793 392 contendit.

343 408 388 462 3)
413 412 751 451 instrumentalem
778 407 843 462 (cf.
862 412 1005 463 Draeg.
1025 413 1097 452 sub
1116 426 1152 451 n.
1174 409 1238 465 3):

341 471 424 510 663
450 482 563 509 sensa
581 482 655 519 per
679 474 799 510 artem
824 472 972 510 tradito.
1022 470 1080 510 cf.
1099 471 1244 520 Draeg.
1262 471 1287 510 l.
1308 482 1357 509 c.:
1383 467 1521 509 ‘sehon
1543 471 1645 522 frah,
1669 484 1753 511 ver-

227 529 367 567 einzelt
397 541 515 579 sogal·
545 529 586 567 in
615 529 851 568 klassischer
876 529 978 579 Zeit,
1013 529 1252 568 namentlich
1286 529 1382 567 aber
1405 529 1481 567 seit
1504 529 1657 577 Livius,
1688 542 1752 579 ge-

226 588 423 626 braucben
448 600 490 626 es
516 587 578 626 die
597 587 814 636 Prosaiker‚
840 601 906 626 um
930 588 1004 626 mit
1027 588 1113 626 dem
1134 587 1298 627 Ablativ
1322 600 1369 626 zu
1392 584 1613 626 wechseln'
1654 587 1751 626 Var-

225 658 359 684 ronem
385 647 518 684 autem
543 648 701 684 secutus
726 646 822 685 haec
846 646 963 684 dixit:
991 647 1074 685 772
1101 647 1197 684 cuii
1214 657 1288 694 per
1313 647 1412 684 duas
1434 648 1449 683 i
1472 647 1643 690 scribere,
1669 647 1752 685 898

224 717 459 752 amuryam
483 716 581 752 quae
602 707 740 743 vetuste
758 716 870 753 saepe
886 717 960 754 per
978 716 998 742 c
1015 706 1206 748 scribitur,
1230 715 1308 742 csse
1322 715 1397 752 per
1416 716 1444 752 5]
1460 705 1754 753 proferendam,-

222 762 355 812 itaque
380 763 500 801 etiam
527 763 620 802 haee
643 775 720 801 non
746 763 1005 812 vituperanda
1029 764 1138 801 sunt:
1175 763 1286 801 1454
1305 763 1414 801 nulla
1433 764 1531 801 enim
1547 774 1624 801 non
1643 763 1754 811 lonya

222 822 317 859 solvi
343 833 417 869 per
450 822 549 860 duas
579 823 706 860 breves
728 825 851 870 potest
880 824 920 860 et
955 822 1066 860 2352
1094 822 1245 870 zonyam
1279 822 1415 860 resolvi
1440 833 1513 869 per
1545 822 1644 860 duas
1675 822 1755 859 diri

222 881 358 919 breves.

340 937 398 976 cf.
418 938 580 988 Langen
605 952 642 988 p.
666 940 739 978 12:
764 935 1139 977 ‘Innumerabilibus
1163 938 1246 977 fere
1270 937 1365 976 locis
1391 937 1658 976 Tertullianus
1682 938 1754 977 hac

222 996 512 1046 praepositione
548 1010 644 1036 usus
681 999 758 1045 est,
793 1000 839 1036 ut
873 998 1180 1036 instrumentum
1212 996 1405 1045 significet
1437 1008 1514 1047 quo
1548 996 1642 1046 quid
1674 995 1755 1034 fiat.

221 1055 332 1100 Quod
369 1067 605 1105 quamquam
640 1055 758 1093 etiam
792 1055 895 1105 apud
929 1055 1075 1093 multos
1109 1054 1207 1093 alios
1242 1054 1451 1104 scriptores
1484 1054 1633 1093 factum
1668 1066 1754 1093 esse

220 1113 393 1161 videtur,
424 1115 556 1152 tamen
581 1113 711 1152 nescio
737 1126 788 1152 an
811 1126 925 1152 nemo
951 1114 1097 1152 totiens
1121 1113 1221 1151 hanc
1246 1113 1400 1151 dicendi
1424 1112 1617 1151 rationem
1642 1125 1752 1151 usur-

221 1172 376 1220 paverit
399 1173 582 1221 quotiens
607 1168 903 1211 Tertullianus?

337 1225 385 1283 4)
410 1231 605 1268 modalem
630 1225 696 1284 (cf.
715 1230 859 1280 Draeg.
880 1230 952 1268 sub
971 1242 1008 1270 n.
1029 1224 1093 1283 6):

341 1290 451 1327 1993
477 1291 651 1327 carmin-a
669 1301 742 1336 per
765 1290 894 1327 varios
918 1289 1011 1327 aare
1034 1299 1157 1332 sonos,
1183 1289 1294 1327 2247
1321 1288 1492 1327 heroicus
1509 1299 1628 1336 quare
1638 1289 1755 1336 pedes

213 1358 288 1394 per
311 1348 480 1394 singulos
504 1351 545 1385 at
567 1349 637 1385 iste
661 1348 767 1385 binos
790 1348 997 1386 scanditur.

337 1405 445 1444 Haec
469 1418 547 1443 non
570 1405 671 1443 mira
695 1406 800 1444 sunt.

336 1461 382 1513 5)
409 1463 465 1502 Cf.
486 1463 602 1502 Hand
621 1463 694 1513 III,
715 1465 752 1502 6.
802 1463 899 1502 Cum
923 1463 1219 1512 pronominibus
1244 1463 1514 1512 personalibus
1539 1464 1754 1514 composita

220 1523 315 1560 haec
340 1522 579 1572 praepositio
605 1522 769 1560 indicat:
795 1517 836 1574 a)
862 1522 927 1572 agi
952 1534 1035 1560 rem
1059 1522 1143 1560 sine
1168 1522 1331 1560 alterius
1356 1534 1446 1571 opet

337 1581 420 1619 558
447 1593 493 1618 ac
508 1592 583 1628 per
605 1581 673 1619 hoc
688 1581 890 1629 prodacta,
908 1591 983 1629 per
1005 1592 1046 1619 se
1069 1592 1164 1628 qaae
1188 1581 1351 1619 duorum
1376 1583 1584 1629 temporum
1608 1584 1661 1619 cst
1684 1610 1693 1619 .
1714 1611 1721 1619 .
1743 1611 1752 1619 .

219 1641 396 1686 temporis
424 1642 540 1687 parte
572 1642 682 1687 atque
715 1640 829 1688 duplo
859 1641 908 1677 sit
936 1650 1082 1678 necesse
1107 1642 1159 1677 est
1188 1639 1380 1687 praedita.
1428 1634 1597 1692 (Totum
1623 1639 1751 1678 locum

219 1696 426 1746 adscripsi,
465 1697 568 1746 quod
607 1698 745 1736 contra
775 1697 944 1736 editores
974 1698 1096 1736 verba
1125 1709 1199 1746 per
1228 1709 1268 1736 se
1297 1697 1518 1747 insequenti
1549 1697 1752 1735 enuntiato

219 1755 401 1805 adiungo.
451 1755 554 1793 Nam
572 1757 780 1804 producta,
806 1768 894 1794 cum
919 1758 1049 1794 totum
1073 1756 1202 1794 locum
1227 1756 1318 1794 inde
1342 1768 1366 1794 a
1390 1769 1426 1794 v.
1446 1756 1530 1794 545
1557 1755 1754 1805 respicies,

219 1814 280 1852 his
312 1814 514 1852 vocabulis
543 1827 621 1853 non
651 1814 827 1863 indigere
861 1815 1024 1862 senties,
1055 1816 1191 1852 contra
1214 1814 1337 1853 verba
1360 1826 1457 1861 quae
1481 1815 1643 1852 duorum
1667 1817 1753 1852 iem-

211 1884 355 1919 porum
381 1875 445 1915 est,
470 1872 547 1910 nisi
566 1873 724 1911 voculas
743 1884 817 1920 per
837 1884 876 1910 se
893 1872 1084 1920 addimus,
1110 1872 1224 1910 valde
1243 1872 1434 1921 languent
1452 1874 1493 1910 et
1511 1883 1754 1921 supervacua

219 1932 327 1980 sunt,
364 1930 509 1968 additis
544 1930 689 1979 optime
721 1932 846 1979 stant3
881 1942 1006 1979 neque
1032 1930 1291 1968 Terentianus
1323 1930 1554 1979 pronomine
1585 1927 1752 1969 relativo

218 1988 423 2026 enuntiata
447 1988 629 2026 incohare
654 1985 791 2038 amat),
820 1989 900 2027 769
929 1991 1137 2036 temporum
1154 1999 1228 2036 per
1251 1999 1290 2026 se
1310 1989 1474 2026 duorum
1490 2000 1567 2026 mm
1584 1989 1754 2036 requirat

217 2058 431 2085 consonam.

333 2102 376 2154 b)
401 2117 483 2143 rem
508 2105 631 2143 solam
656 2117 756 2144 esse:

335 2164 417 2202 666
438 2175 511 2211 per
534 2167 647 2201 semet
670 2165 777 2212 ipsae
801 2158 996 2217 (vocales)
1022 2165 1173 2212 quamdo
1192 2164 1380 2213 syllabam
1398 2163 1542 2202 nudam
1563 2163 1752 2211 copulant,

218 2222 302 2261 990
326 2222 513 2269 syllabam
529 2233 604 2269 per
627 2233 667 2260 se
689 2234 867 2261 sem-sam.

334 2279 461 2317 Huius
492 2282 625 2318 autem
650 2293 744 2318 usus
770 2281 866 2320 satis
893 2282 1020 2319 multa
1045 2281 1284 2330 optimorum
1312 2280 1548 2329 scriptorum
1574 2279 1752 2330 exempla

219 2337 332 2375 Hand
357 2351 394 2387 p.
414 2338 495 2376 441
514 2351 597 2388 sqq.
623 2340 829 2389 congessit.

930 2392 1038 2428 Pone

217 2455 545 2505 praepositionem
580 2455 684 2504 apud
711 2455 922 2505 scriptores
948 2467 1091 2494 aureae
1114 2467 1232 2505 quam
1258 2466 1441 2494 vocamus
1466 2454 1607 2493 aetatis
1633 2454 1750 2493 raris-

216 2514 354 2551 simam
386 2525 471 2552 esse
502 2509 703 2563 Draeg.1²
722 2528 758 2564 p.
782 2516 864 2553 599
898 2513 1001 2552 dicit.
1057 2512 1286 2563 Complures
1317 2512 1435 2552 Gellii
1466 2513 1572 2552 locos
1597 2511 1748 2563 Gorgos

215 2585 250 2620 p.
274 2573 324 2610 11
353 2572 524 2621 collegit.
569 2571 834 2610 Terentianus
858 2574 991 2610 autem
1015 2572 1112 2610 haec
1136 2572 1316 2620 exempla
1338 2571 1473 2610 habet:
1501 2573 1583 2609 242
1603 2572 1747 2619 ayitur-

214 2642 284 2676 que
314 2641 414 2678 pone
444 2630 588 2674 dentes,
625 2631 737 2668 1170
769 2632 936 2678 sequitur
967 2631 1034 2668 sed
1055 2641 1157 2678 ponc
1181 2631 1354 2678 priorem
1378 2627 1454 2680 (ita
1478 2629 1613 2679 Verg.:
1649 2640 1750 2679 pone

214 2699 401 2735 sequen&
423 2689 471 2726 cf.
497 2689 614 2726 etiam
646 2688 978 2738 praepositionem
1002 2689 1272 2739 insequentem
1299 2689 1339 2726 et
1363 2687 1488 2726 Krebs
1514 2699 1543 2726 s.
1562 2699 1597 2725 v.
1615 2681 1747 2738 pone).

935 2799 1035 2836 Post

217 2874 333 2911 saepe
359 2876 429 2912 pro
455 2862 640 2902 adverbio
666 2865 881 2912 usurpatur
904 2865 965 2901 nt:
993 2864 1116 2914 1479,
1138 2864 1262 2913 1541,
1284 2863 1390 2900 1601
1415 2857 1526 2913 (nota
1544 2860 1745 2899 abundan-

212 2920 307 2958 tiam
336 2921 543 2958 sermonis:
562 2925 652 2969 post
674 2922 761 2960 hinc
785 2916 947 2971 deinde),
974 2923 1099 2968 2215,
1126 2922 1250 2960 2803.
1292 2920 1352 2958 Ex
1376 2918 1590 2958 abundanti
1613 2922 1743 2958 autem

1870 990 1878 1030 .‡.
1871 971 1878 977 ι
1867 816 1878 948 „mr-„11:⁶-
1862 683 1878 805 ,ψη-κίε..-
1863 577 1878 671 *mano
