1878 3242
472 150 526 190 De
551 150 764 189 Terentiani
789 159 958 187 sermone
983 149 1023 186 et
1047 148 1183 185 aetate.
1325 195 1329 199 .
1518 143 1602 187 347

47 267 159 306 nulla
176 267 379 307 luculenta
398 267 542 307 addere
567 267 703 306 liceat:
732 267 754 306 1
771 279 854 318 sqq.
881 266 1031 306 Audivi
1055 267 1233 306 veterem
1258 264 1388 305 virum
1408 265 1530 316 vulgo
1556 265 1612 304 di-

48 339 136 366 cere
160 326 338 366 fabulam
365 328 564 378 quendam
590 326 657 376 qui
676 329 739 366 ter
763 326 951 377 Olympia
975 326 1136 365 vicisset
1161 326 1254 366 Iove
1279 325 1474 377 praeside,
1502 328 1609 375 post-

47 399 167 436 quam
186 387 371 426 accedere
390 387 555 426 lividum
577 386 718 425 virtuti
737 386 889 426 senium
904 385 1025 433 videt,
1047 384 1141 426 dnm
1157 383 1282 425 victor
1301 383 1407 424 cluet
1426 383 1612 434 omnium,

48 447 270 485 maturasse
297 477 304 485 .
332 476 340 485 .
368 476 376 485 .
404 477 412 486 .
438 441 542 498 (tum
569 446 654 485 sola
680 446 859 496 sequitur
886 446 1014 485 oratio
1041 442 1185 496 recta):
1213 445 1288 484 Sed
1314 458 1363 483 ne
1389 475 1398 483 .
1419 476 1427 484 .
1448 475 1458 484 .
1484 457 1611 484 accer-

50 506 167 553 seret,
187 505 267 544 tale
287 505 466 545 exercitii
485 518 611 557 genus
631 507 896 545 commentum
917 505 993 544 sibi
1019 505 1174 544 dixerat
1185 501 1228 555 ¹).
1260 505 1404 544 Nervis
1423 505 1612 544 mollibus

48 564 218 603 invicem
254 565 399 605 iunctis
425 596 433 604 .
461 596 469 604 .
497 594 525 615 .,
549 578 620 604 ceu
646 565 820 604 Parthus
846 566 949 605 solet
970 594 977 603 .
998 595 1007 604 .
1029 596 1055 615 .,
1087 565 1189 603 tales
1214 565 1371 603 assidue
1398 564 1500 613 ligat
1531 577 1612 614 eqs.

51 622 126 674 [40
142 637 199 675 sq.
221 621 365 663 ‘totum
386 637 544 664 cernere
564 637 636 663 nec
657 625 787 674 palam
808 638 884 675 quo
898 627 1028 664 totum
1042 624 1197 674 geritur
1210 620 1349 674 queas'
1363 623 1455 663 addi
1469 626 1613 675 potest,

38 684 153 733 quod
180 683 323 723 urbani
348 684 560 734 scriptores
585 685 818 735 pronomine
843 684 1131 734 interrogativo
1156 686 1197 722 et
1222 684 1337 723 modo
1364 683 1612 724 coniunctivo

50 743 112 782 usi
138 741 302 793 essent].
354 745 437 784 259
454 757 537 794 sqq.
564 744 678 782 aiunt
701 744 856 794 aliquas
881 744 1063 783 faucibus
1088 743 1247 782 exsilire
1273 744 1323 782 ab
1348 743 1451 794 imis,
1477 744 1525 781 ut
1543 774 1551 782 .
1575 773 1582 779 .
1605 774 1613 783 .

50 804 166 842 sonat
191 833 200 842 .
220 833 229 842 .
252 835 259 842 .
282 833 309 852 .,
334 803 453 842 ictam
479 803 640 853 gravius
661 804 768 843 vocis
788 816 886 854 opus
906 804 1056 854 fingere
1077 804 1266 853 linguam,
1287 803 1321 842 si
1340 802 1444 851 ζῆτα
1462 803 1615 853 loquor,

52 863 134 902 269
157 862 314 912 quando
335 863 528 902 subibunt
553 863 718 913 pericla,
733 893 741 902 .
757 894 766 903 .
781 894 789 902 .
810 864 944 903 favere
970 863 1156 913 palmam,
1184 864 1269 902 294
1285 857 1410 913 sqq.²)
1431 875 1560 901 sermo
1582 863 1616 902 si

50 922 192 971 planus
218 922 395 972 pedestri
428 935 469 961 se
501 924 613 961 tenet
646 923 860 973 modest-ia,
886 923 1009 962 verba
1035 923 1068 961 si
1095 953 1103 961 .
1131 954 1138 962 .
1167 953 1175 961 .
1203 954 1210 961 .
1238 923 1423 962 carminis
1456 924 1617 961 servant

51 981 240 1021 honorem
259 1011 268 1020 .
290 1013 298 1021 .
319 1014 327 1022 .
349 1011 376 1030 .‚
402 982 506 1020 hunc
531 982 692 1021 modum
719 982 753 1021 si
778 1011 787 1021 .
814 1013 823 1021 .
850 1013 858 1021 .
885 1012 893 1021 .
919 982 1086 1032 pertulit
1111 982 1244 1032 stilus,
1271 983 1354 1021 sive
1375 1012 1384 1021 .
1406 1012 1414 1021 .
1435 1011 1444 1020 .
1465 1013 1473 1021 .
1494 982 1615 1021 cessit

50 1041 216 1080 effectus
241 1041 365 1092 labor,
386 1041 516 1080 acrius
542 1054 612 1081 vos
637 1041 798 1091 pendite
824 1041 903 1080 ista
923 1073 930 1080 .
952 1073 977 1090 .‚
1006 1043 1090 1082 355
1118 1043 1270 1092 septem
1291 1042 1438 1080 scimus
1458 1054 1478 1080 e
1500 1054 1614 1080 voca·

51 1100 156 1140 libus
181 1098 206 1150 ἦ
233 1103 274 1140 et
299 1097 334 1139 ὦ
361 1113 464 1152 quae
485 1131 493 1140 .
515 1132 523 1140 .
546 1132 554 1140 .
575 1131 584 1140 .
605 1101 922 1150 subministrant,
951 1103 1065 1141 2196
1081 1114 1166 1152 sqq.
1191 1104 1346 1152 poetae,
1372 1114 1422 1140 ne
1448 1131 1457 1140 .
1482 1131 1491 1140 .
1512 1133 1519 1140 .
1547 1101 1613 1140 acl-

52 1159 242 1210 mitteret,
268 1161 363 1199 dum
389 1191 398 1200 ,
422 1190 430 1199 .
451 1189 461 1200 .
482 1192 489 1199 .
517 1161 623 1211 sinit,
650 1161 850 1211 spondeon
878 1161 1187 1211 admiscuerunt,
1217 1162 1328 1200 2247
1347 1173 1401 1211 sq.
1430 1160 1613 1200 heroicus

50 1232 175 1268 quare
211 1221 332 1270 pedes
370 1233 441 1270 per
478 1221 656 1270 singulos
693 1223 736 1260 at
767 1221 842 1260 iste
874 1221 988 1260 binos
1015 1221 1233 1269 scanditur,
1275 1233 1436 1260 causam
1462 1221 1612 1272 loquar,

54 1280 168 1319 2528
194 1280 330 1319 videro
348 1280 390 1319 si
416 1281 562 1319 novelli
588 1293 728 1319 versus
754 1281 830 1319 erit
861 1282 1014 1329 poetae.

167 1339 215 1378 In
241 1339 458 1379 enuntiatis
485 1339 788 1389 interrogativis
815 1340 1055 1379 indicativus
1076 1340 1182 1387 apud
1204 1340 1374 1390 optimos
1401 1341 1615 1390 scriptores

50 1411 206 1448 semper
240 1411 354 1438 rarus
385 1399 544 1449 mansit,
570 1399 665 1438 licet
689 1400 886 1450 Draegeri
917 1394 1141 1452 exempla3)
1173 1400 1314 1450 augeri
1348 1400 1513 1449 possint.
1569 1401 1616 1439 In

49 1471 230 1498 sermone
255 1459 473 1498 cottidiano
500 1471 580 1498 non
605 1471 718 1498 rarus
745 1453 877 1512 fuit4).
929 1459 1122 1498 Universe
1156 1462 1290 1498 autem
1324 1472 1439 1498 usum
1465 1460 1613 1499 Teren—

47 1517 147 1557 tiani
179 1530 268 1557 cum
296 1518 425 1558 Gellio
456 1531 687 1569 comparare
720 1519 816 1558 satis
850 1532 936 1557 esse
969 1519 1072 1558 duxi.
1124 1519 1226 1557 Nam
1259 1518 1380 1558 Gellii
1419 1520 1612 1570 exempla,

48 1579 260 1628 postquam
284 1578 326 1617 in
352 1578 545 1618 orationis
571 1578 757 1629 obliquae
783 1578 1003 1617 enuntiatis
1030 1578 1274 1617 secundariis
1307 1579 1412 1628 apud
1439 1592 1528 1618 eum
1554 1580 1613 1618 in-

50 1637 266 1676 dicativum
299 1637 536 1677 insolentius
571 1638 665 1687 poni
696 1633 862 1687 Hertz⁵)
901 1634 1075 1687 monuit,
1107 1637 1227 1688 Gorg.
1254 1652 1290 1687 p.
1313 1639 1366 1680 35
1404 1639 1616 1690 congessit,

52 1708 99 1735 ex
125 1696 271 1747 quibus
297 1709 488 1748 apparere
514 1698 674 1737 videtur
697 1697 927 1737 Terentiani
952 1710 1069 1736 usum
1096 1710 1174 1737 non
1200 1698 1359 1737 differre
1385 1711 1409 1737 a
1435 1711 1615 1738 sermone

57 1756 203 1796 saeculi
230 1757 390 1796 secundi
416 1758 597 1796 exeuntis
623 1757 855 1797 cottidiano.

168 1814 453 1856 Coniunctivus
498 1819 632 1855 autem
677 1816 927 1856 dubitativus
971 1817 1173 1856 invenitur
1215 1816 1256 1855 in
1300 1818 1615 1868 interrogatione

48 1876 175 1914 recta:
208 1877 294 1915 810
320 1877 405 1924 quis
430 1879 554 1925 queat,
583 1877 668 1915 920
694 1878 781 1924 quis
797 1878 935 1925 possit,
965 1877 1077 1916 1076
1099 1889 1169 1915 mor
1193 1889 1270 1915 non
1290 1880 1470 1925 praestet,
1499 1879 1612 1917 2218

49 1946 120 1974 cur
155 1936 298 1974 serviat
341 1933 497 1985 [contra
530 1936 579 1974 ob
612 1938 783 1974 metrum
815 1936 857 1974 in
890 1949 925 1974 v.
949 1937 1060 1976 1505
1099 1948 1236 1975 nomen
1271 1938 1339 1975 tibi
1369 1938 1463 1985 quid
1492 1939 1613 1986 deligyo

49 1993 305 2033 indicativum
333 1993 498 2045 posuit]‚
524 1995 772 2044 potentialis:
804 1991 846 2045 1)
876 1997 913 2034 2.
939 2008 1041 2045 pers.
1069 1995 1188 2045 sing.:
1215 1999 1330 2044 putes
1357 1998 1424 2047 36,
1452 1998 1507 2037 64
1535 2010 1612 2035 crc-

50 2054 122 2093 das
138 2055 262 2098 1183.
281 2055 415 2093 videas
437 2055 564 2098 1036,
589 2055 714 2101 1138,
737 2055 862 2098 2658,
886 2056 1012 2102 2664,
1034 2056 1161 2103 2790,
1180 2068 1297 2104 queas
1311 2057 1379 2107 41,
1393 2058 1502 2096 sinas
1517 2058 1615 2106 842,

44 2114 175 2162 possis
200 2114 303 2161 862,
331 2114 461 2162 1244,
490 2115 614 2161 1268,
643 2115 770 2163 2375,
798 2115 925 2153 2789.
976 2108 1023 2167 2)
1051 2115 1086 2153 3.
1114 2127 1218 2164 pers.
1245 2117 1363 2166 sing:
1390 2119 1503 2163 queat
1529 2118 1610 2156 881

51 2167 147 2222 (nisi
171 2184 333 2212 versum
355 2173 472 2211 aliter
497 2173 786 2223 interpretaris,
814 2175 860 2211 ut
880 2185 967 2212 cum
987 2174 1039 2212 sit
1064 2168 1323 2227 coniunctio),
1352 2176 1463 2214 1205
1479 2178 1615 2224 possit.

49 2231 192 2282 Itaque
227 2228 348 2271 etiam
379 2232 420 2270 in
450 2245 486 2271 v.
508 2233 621 2271 2936
650 2245 738 2270 cum
763 2232 951 2271 Brissaeo
971 2234 1096 2281 possit
1119 2235 1242 2272 videri
1267 2235 1430 2273 claudus
1459 2235 1520 2274 hic
1545 2237 1614 2274 tri-

50 2293 194 2330 metrus
219 2290 364 2340 (posset
387 2291 460 2339 M)
487 2291 629 2340 scribo,
655 2291 750 2330 licet
775 2291 936 2331 Lachm.
963 2294 1004 2330 et
1027 2291 1119 2331 Keil
1143 2292 1320 2332 Brissaei
1346 2294 1614 2333 coniecturam

51 2350 254 2400 aspernati
279 2351 372 2389 sint.
422 2350 588 2389 Accedit
614 2351 718 2401 quod
746 2350 896 2390 Marius
923 2351 1151 2391 Victorinus
1170 2354 1297 2400 possit
1320 2353 1457 2392 tradit.

169 2409 265 2448 Post
289 2409 508 2459 particulas
529 2410 816 2449 condicionales
842 2412 878 2449 si
901 2412 979 2450 nisi
997 2412 1040 2449 πί
1060 2411 1199 2450 modus
1220 2411 1494 2452 coniunctivus
1514 2413 1614 2464 legi-

51 2468 174 2507 timus
212 2470 274 2507 est
311 2481 440 2518 neque
471 2468 710 2507 indicativus
740 2469 834 2519 poni
867 2470 970 2508 solet
1001 2470 1075 2509 nisi
1110 2470 1176 2509 ubi
1203 2473 1273 2509 aut
1305 2471 1443 2510 metris
1470 2471 1614 2512 Teren-

51 2527 184 2566 tianus
209 2527 423 2577 impeditus
449 2529 529 2578 est,
555 2530 626 2566 aut
651 2529 791 2566 modus
817 2528 1047 2578 potentialis
1078 2542 1157 2568 non
1187 2532 1306 2579 aptus
1339 2533 1416 2580 est,
1450 2533 1494 2570 ut
1525 2544 1615 2571 cum

52 2587 206 2635 quando
231 2588 302 2625 aut
327 2587 413 2635 quis
438 2587 704 2626 coniunctioni
730 2587 931 2626 adduntur
956 2590 1027 2627 aut
1051 2588 1092 2627 in
1124 2589 1343 2629 enuntiatis
1369 2590 1613 2630 huiusmodi:
1653 2634 1656 2636 ,
1734 2619 1741 2625 -

174 2713 207 2756 ι)
234 2710 642 2756 plusquamperfectum
680 2712 718 2747 in
756 2723 924 2748 sermone
969 2713 1175 2750 cottidiano
1219 2715 1258 2749 et
1304 2727 1326 2750 a
1369 2714 1613 2761 scriptoribus

52 2758 320 2803 posterioribus
358 2757 505 2805 saepius
537 2770 647 2804 quam
682 2760 720 2794 in
753 2771 921 2796 sermone
953 2761 1120 2807 expolito
1153 2761 1322 2798 adhiberi
1360 2764 1398 2798 et
1427 2762 1612 2808 imprimis

53 2805 168 2842 verba
192 2805 340 2842 dicendi
365 2805 421 2840 ita
445 2807 613 2852 usurpari
640 2806 809 2842 Schmalz
835 2819 894 2853 ap.
922 2808 982 2843 Iw.
1010 2808 1058 2843 M.
1090 2808 1138 2844 11²
1159 2813 1227 2844 404
1255 2810 1457 2847 contendit.

171 2855 206 2895 2)
233 2852 285 2889 Cf.
313 2865 346 2898 p.
369 2857 447 2888 372.
570 2855 606 2897 3)
634 2853 685 2888 112
703 2858 772 2891 474
787 2867 838 2900 sq.
865 2860 903 2890 et
929 2859 997 2892 736
1011 2868 1091 2901 sqq.

171 2902 208 2942 4)
234 2899 288 2936 Cf.
316 2899 488 2935 Schrnalz
514 2911 573 2946 ap.
601 2901 661 2937 Iw.
690 2901 737 2937 M.
766 2902 819 2938 11¹
838 2906 908 2939 474
921 2914 987 2949 sq.,
1015 2907 1134 2947 §214

171 2948 207 2993 ὃ)
231 2946 341 2984 Vind.
369 2946 463 2987 Gen.
490 2947 555 2986 alt.
582 2960 617 2995 p.
638 2951 698 2985 25.
