<?xml version="1.0" encoding="UTF-8"?>
<!DOCTYPE html PUBLIC "-//W3C//DTD XHTML 1.0 Transitional//EN"
    "http://www.w3.org/TR/xhtml1/DTD/xhtml1-transitional.dtd">
<html xmlns="http://www.w3.org/1999/xhtml" xml:lang="en" lang="en">
 <head>
  <title>
</title>
<meta http-equiv="Content-Type" content="text/html;charset=utf-8" />
  <meta name='ocr-system' content='tesseract 3.04.00' />
  <meta name='ocr-capabilities' content='ocr_page ocr_carea ocr_par ocr_line ocrx_word'/>
</head>
<body>
  <div class='ocr_page' id='page_1' title='image "./deterentianiserm00wertuoft_0030.png"; bbox 0 0 1878 3242; ppageno 0'>
   <div class='ocr_carea' id='block_1_1' title="bbox 308 179 1176 221">
    <p class='ocr_par' dir='ltr' id='par_1_1' title="bbox 308 179 1176 221">
     <span class='ocr_line' id='line_1_1' title="bbox 308 179 1176 221; baseline -0.007 0"><span class='ocrx_word' id='word_1_1' title='bbox 308 180 392 221; x_wconf 86' lang='grc'>316</span> <span class='ocrx_word' id='word_1_2' title='bbox 423 203 428 209; x_wconf 97' lang='grc'>-</span> <span class='ocrx_word' id='word_1_3' title='bbox 968 179 1012 216; x_wconf 83' lang='lat' dir='ltr'>A.</span> <span class='ocrx_word' id='word_1_4' title='bbox 1033 180 1176 215; x_wconf 83' lang='lat' dir='ltr'>Werth:</span> 
     </span>
    </p>
   </div>
   <div class='ocr_carea' id='block_1_2' title="bbox 558 284 1584 327">
    <p class='ocr_par' dir='ltr' id='par_1_2' title="bbox 558 284 1584 327">
     <span class='ocr_line' id='line_1_2' title="bbox 558 284 1584 327; baseline 0.001 -8"><span class='ocrx_word' id='word_1_5' title='bbox 558 284 764 319; x_wconf 72' lang='lat' dir='ltr'>Adiectiva</span> <span class='ocrx_word' id='word_1_6' title='bbox 789 292 888 327; x_wconf 73' lang='lat' dir='ltr'>quoe</span> <span class='ocrx_word' id='word_1_7' title='bbox 913 284 955 320; x_wconf 78' lang='lat' dir='ltr'>in</span> <span class='ocrx_word' id='word_1_8' title='bbox 981 286 1122 319; x_wconf 64' lang='lat' dir='ltr'><em>—alss</em></span> <span class='ocrx_word' id='word_1_9' title='bbox 1147 284 1188 319; x_wconf 84' lang='lat' dir='ltr'>et</span> <span class='ocrx_word' id='word_1_10' title='bbox 1212 285 1396 327; x_wconf 66' lang='lat' dir='ltr'><em>—amuo</em></span> <span class='ocrx_word' id='word_1_11' title='bbox 1420 284 1584 321; x_wconf 73' lang='lat' dir='ltr'>exeunt·</span> 
     </span>
    </p>
   </div>
   <div class='ocr_carea' id='block_1_3' title="bbox 303 344 1878 2602">
    <p class='ocr_par' dir='ltr' id='par_1_3' title="bbox 340 344 1178 398">
     <span class='ocr_line' id='line_1_3' title="bbox 340 344 1178 398; baseline -0.001 -11.952"><span class='ocrx_word' id='word_1_12' title='bbox 340 344 660 398; x_wconf 73' lang='lat' dir='ltr'>†congregalis,</span> <span class='ocrx_word' id='word_1_13' title='bbox 685 348 733 386; x_wconf 90' lang='lat' dir='ltr'>cf.</span> <span class='ocrx_word' id='word_1_14' title='bbox 757 347 875 396; x_wconf 84' lang='lat' dir='ltr'>paulo</span> <span class='ocrx_word' id='word_1_15' title='bbox 900 347 1001 385; x_wconf 76' lang='lat' dir='ltr'>infm</span> <span class='ocrx_word' id='word_1_16' title='bbox 1025 361 1061 396; x_wconf 85' lang='lat' dir='ltr'>p</span> <span class='ocrx_word' id='word_1_17' title='bbox 1082 348 1178 386; x_wconf 86' lang='lat'>318.</span> 
     </span>
    </p>

    <p class='ocr_par' dir='ltr' id='par_1_4' title="bbox 308 402 1829 517">
     <span class='ocr_line' id='line_1_4' title="bbox 308 402 1829 457; baseline 0.002 -12"><span class='ocrx_word' id='word_1_18' title='bbox 308 402 525 457; x_wconf 78' lang='lat' dir='ltr'>disparilis</span> <span class='ocrx_word' id='word_1_19' title='bbox 548 408 656 445; x_wconf 88' lang='lat'>1562</span> <span class='ocrx_word' id='word_1_20' title='bbox 679 406 855 454; x_wconf 75' lang='lat' dir='ltr'><strong><em>disparili</em></strong></span> <span class='ocrx_word' id='word_1_21' title='bbox 872 409 988 443; x_wconf 83' lang='lat' dir='ltr'><em>metro</em></span> <span class='ocrx_word' id='word_1_22' title='bbox 1008 405 1083 443; x_wconf 89' lang='lat' dir='ltr'>Cic</span> <span class='ocrx_word' id='word_1_23' title='bbox 1099 405 1210 443; x_wconf 81' lang='lat' dir='ltr'><em>Varr.</em></span> <span class='ocrx_word' id='word_1_24' title='bbox 1231 404 1312 444; x_wconf 87' lang='lat' dir='ltr'>Col.</span> <span class='ocrx_word' id='word_1_25' title='bbox 1332 404 1544 444; x_wconf 65' lang='lat' dir='ltr'>Fumo-011.</span> <span class='ocrx_word' id='word_1_26' title='bbox 1559 405 1829 449; x_wconf 64' lang='lat' dir='ltr'>Ammoi-ud.</span> 
     </span>
     <span class='ocr_line' id='line_1_5' title="bbox 369 458 1830 517; baseline 0.002 -14"><span class='ocrx_word' id='word_1_27' title='bbox 369 464 521 517; x_wconf 70' lang='lat' dir='ltr'>(slis-par</span> <span class='ocrx_word' id='word_1_28' title='bbox 538 467 660 508; x_wconf 91' lang='lat'>1381</span> <span class='ocrx_word' id='word_1_29' title='bbox 681 465 806 513; x_wconf 89' lang='lat'>2335,</span> <span class='ocrx_word' id='word_1_30' title='bbox 828 465 952 513; x_wconf 89' lang='lat'>2388,</span> <span class='ocrx_word' id='word_1_31' title='bbox 967 465 1091 512; x_wconf 82' lang='lat'>2509,</span> <span class='ocrx_word' id='word_1_32' title='bbox 1108 458 1259 514; x_wconf 88' lang='lat'>2550),</span> <span class='ocrx_word' id='word_1_33' title='bbox 1284 464 1331 502; x_wconf 83' lang='lat' dir='ltr'>cf.</span> <span class='ocrx_word' id='word_1_34' title='bbox 1345 463 1462 512; x_wconf 82' lang='lat' dir='ltr'>paulo</span> <span class='ocrx_word' id='word_1_35' title='bbox 1475 463 1620 503; x_wconf 69' lang='lat' dir='ltr'>instas.</span> <span class='ocrx_word' id='word_1_36' title='bbox 1631 477 1669 504; x_wconf 80' lang='lat' dir='ltr'>v.</span> <span class='ocrx_word' id='word_1_37' title='bbox 1680 467 1830 514; x_wconf 57' lang='lat' dir='ltr'>parili-5.</span> 
     </span>
    </p>

    <p class='ocr_par' dir='ltr' id='par_1_5' title="bbox 308 518 1832 688">
     <span class='ocr_line' id='line_1_6' title="bbox 308 518 1830 573; baseline 0.001 -12"><span class='ocrx_word' id='word_1_38' title='bbox 308 518 568 561; x_wconf 85' lang='lat' dir='ltr'>dissolubilis</span> <span class='ocrx_word' id='word_1_39' title='bbox 595 524 706 560; x_wconf 79' lang='grc'>2224</span> <span class='ocrx_word' id='word_1_40' title='bbox 739 524 791 559; x_wconf 79' lang='lat' dir='ltr'>cst</span> <span class='ocrx_word' id='word_1_41' title='bbox 820 525 862 559; x_wconf 76' lang='lat' dir='ltr'>ut</span> <span class='ocrx_word' id='word_1_42' title='bbox 892 522 1004 569; x_wconf 77' lang='lat' dir='ltr'><em>lonya</em></span> <span class='ocrx_word' id='word_1_43' title='bbox 1034 522 1263 559; x_wconf 73' lang='lat' dir='ltr'>dissolubilis</span> <span class='ocrx_word' id='word_1_44' title='bbox 1287 521 1310 559; x_wconf 83' lang='lat' dir='ltr'>i.</span> <span class='ocrx_word' id='word_1_45' title='bbox 1337 534 1369 559; x_wconf 85' lang='lat' dir='ltr'>e.</span> <span class='ocrx_word' id='word_1_46' title='bbox 1394 523 1440 560; x_wconf 79' lang='lat' dir='ltr'>ut</span> <span class='ocrx_word' id='word_1_47' title='bbox 1468 522 1588 571; x_wconf 70' lang='lat' dir='ltr'><em>longa</em></span> <span class='ocrx_word' id='word_1_48' title='bbox 1617 522 1802 573; x_wconf 72' lang='lat' dir='ltr'>syuabn.</span> <span class='ocrx_word' id='word_1_49' title='bbox 1789 537 1830 565; x_wconf 84' lang='grc' dir='ltr'>ιιι</span> 
     </span>
     <span class='ocr_line' id='line_1_7' title="bbox 367 578 1832 632; baseline 0.003 -14"><span class='ocrx_word' id='word_1_50' title='bbox 367 582 462 619; x_wconf 86' lang='lat' dir='ltr'>duas</span> <span class='ocrx_word' id='word_1_51' title='bbox 495 582 633 619; x_wconf 83' lang='lat' dir='ltr'>breves</span> <span class='ocrx_word' id='word_1_52' title='bbox 666 579 827 618; x_wconf 83' lang='lat' dir='ltr'>dissolvi</span> <span class='ocrx_word' id='word_1_53' title='bbox 847 581 1004 628; x_wconf 81' lang='lat' dir='ltr'>-potest3</span> <span class='ocrx_word' id='word_1_54' title='bbox 1037 578 1179 630; x_wconf 89' lang='lat' dir='ltr'>Georg.</span> <span class='ocrx_word' id='word_1_55' title='bbox 1203 579 1314 618; x_wconf 85' lang='lat' dir='ltr'>binos</span> <span class='ocrx_word' id='word_1_56' title='bbox 1340 578 1417 618; x_wconf 79' lang='lat' dir='ltr'>cic.</span> <span class='ocrx_word' id='word_1_57' title='bbox 1442 581 1484 618; x_wconf 85' lang='lat' dir='ltr'>ot</span> <span class='ocrx_word' id='word_1_58' title='bbox 1507 579 1634 631; x_wconf 52' lang='lat' dir='ltr'>Latet„</span> <span class='ocrx_word' id='word_1_59' title='bbox 1657 580 1832 632; x_wconf 72' lang='lat' dir='ltr'>singulos</span> 
     </span>
     <span class='ocr_line' id='line_1_8' title="bbox 366 637 1129 688; baseline -0.001 -12"><span class='ocrx_word' id='word_1_60' title='bbox 366 639 531 677; x_wconf 80' lang='lat' dir='ltr'>Tertull.</span> <span class='ocrx_word' id='word_1_61' title='bbox 558 642 597 676; x_wconf 85' lang='lat' dir='ltr'>et</span> <span class='ocrx_word' id='word_1_62' title='bbox 623 638 834 688; x_wconf 83' lang='lat' dir='ltr'>Augustini</span> <span class='ocrx_word' id='word_1_63' title='bbox 859 638 965 676; x_wconf 85' lang='lat' dir='ltr'>locos</span> <span class='ocrx_word' id='word_1_64' title='bbox 990 637 1129 675; x_wconf 84' lang='lat' dir='ltr'>adfert.</span> 
     </span>
    </p>

    <p class='ocr_par' dir='ltr' id='par_1_6' title="bbox 306 693 595 735">
     <span class='ocr_line' id='line_1_9' title="bbox 306 693 595 735; baseline 0.003 -1"><span class='ocrx_word' id='word_1_65' title='bbox 306 693 446 735; x_wconf 82' lang='lat' dir='ltr'>facilis</span> <span class='ocrx_word' id='word_1_66' title='bbox 474 699 595 735; x_wconf 82' lang='lat'>1006.</span> 
     </span>
    </p>

    <p class='ocr_par' dir='ltr' id='par_1_7' title="bbox 308 751 1833 851">
     <span class='ocr_line' id='line_1_10' title="bbox 308 751 1833 803; baseline 0.001 -10"><span class='ocrx_word' id='word_1_67' title='bbox 308 751 530 794; x_wconf 91' lang='lat' dir='ltr'>immobilis</span> <span class='ocrx_word' id='word_1_68' title='bbox 558 757 668 794; x_wconf 88' lang='grc'>2092</span> <span class='ocrx_word' id='word_1_69' title='bbox 701 756 943 803; x_wconf 73' lang='lat' dir='ltr'><em>apelassonos</em></span> <span class='ocrx_word' id='word_1_70' title='bbox 973 754 1174 792; x_wconf 80' lang='lat' dir='ltr'><em>immobilis</em></span> <span class='ocrx_word' id='word_1_71' title='bbox 1204 755 1326 792; x_wconf 76' lang='lat' dir='ltr'>onmis</span> <span class='ocrx_word' id='word_1_72' title='bbox 1357 754 1546 803; x_wconf 74' lang='lat' dir='ltr'><em>synaphia</em></span> <span class='ocrx_word' id='word_1_73' title='bbox 1569 757 1641 801; x_wconf 78' lang='lat' dir='ltr'>est,·</span> <span class='ocrx_word' id='word_1_74' title='bbox 1675 767 1751 794; x_wconf 85' lang='lat' dir='ltr'>vox</span> <span class='ocrx_word' id='word_1_75' title='bbox 1773 757 1833 795; x_wconf 67' lang='lat' dir='ltr'>est</span> 
     </span>
     <span class='ocr_line' id='line_1_11' title="bbox 365 815 523 851; baseline 0 0"><span class='ocrx_word' id='word_1_76' title='bbox 365 815 523 851; x_wconf 82' lang='lat' dir='ltr'>usitata.</span> 
     </span>
    </p>

    <p class='ocr_par' dir='ltr' id='par_1_8' title="bbox 306 868 1832 1039">
     <span class='ocr_line' id='line_1_12' title="bbox 306 868 1832 920; baseline 0.001 -11"><span class='ocrx_word' id='word_1_77' title='bbox 306 868 452 910; x_wconf 84' lang='lat' dir='ltr'>labilis</span> <span class='ocrx_word' id='word_1_78' title='bbox 474 874 555 911; x_wconf 88' lang='grc'>307</span> <span class='ocrx_word' id='word_1_79' title='bbox 583 873 690 910; x_wconf 79' lang='lat' dir='ltr'><em>labili</em></span> <span class='ocrx_word' id='word_1_80' title='bbox 713 883 846 917; x_wconf 65' lang='lat' dir='ltr'><em>vorsm</em></span> <span class='ocrx_word' id='word_1_81' title='bbox 877 871 977 909; x_wconf 81' lang='lat' dir='ltr'>hane</span> <span class='ocrx_word' id='word_1_82' title='bbox 1008 883 1158 920; x_wconf 83' lang='lat' dir='ltr'>vocem,</span> <span class='ocrx_word' id='word_1_83' title='bbox 1190 882 1426 920; x_wconf 78' lang='lat' dir='ltr'>quamquam</span> <span class='ocrx_word' id='word_1_84' title='bbox 1458 870 1561 919; x_wconf 81' lang='lat' dir='ltr'>apud</span> <span class='ocrx_word' id='word_1_85' title='bbox 1585 870 1734 920; x_wconf 80' lang='lat' dir='ltr'>priores</span> <span class='ocrx_word' id='word_1_86' title='bbox 1755 883 1832 911; x_wconf 81' lang='lat' dir='ltr'>uon</span> 
     </span>
     <span class='ocr_line' id='line_1_13' title="bbox 365 928 1832 981; baseline 0.001 -13"><span class='ocrx_word' id='word_1_87' title='bbox 365 933 508 981; x_wconf 79' lang='lat' dir='ltr'>exstat,</span> <span class='ocrx_word' id='word_1_88' title='bbox 539 933 672 968; x_wconf 84' lang='lat' dir='ltr'>tamen</span> <span class='ocrx_word' id='word_1_89' title='bbox 701 930 969 980; x_wconf 86' lang='lat' dir='ltr'>unusquisque</span> <span class='ocrx_word' id='word_1_90' title='bbox 1001 928 1148 979; x_wconf 84' lang='lat' dir='ltr'>fingere</span> <span class='ocrx_word' id='word_1_91' title='bbox 1172 930 1346 978; x_wconf 80' lang='lat' dir='ltr'>poterat3</span> <span class='ocrx_word' id='word_1_92' title='bbox 1375 928 1574 967; x_wconf 81' lang='lat' dir='ltr'>invenitur</span> <span class='ocrx_word' id='word_1_93' title='bbox 1603 941 1663 979; x_wconf 74' lang='lat' dir='ltr'>ap.</span> <span class='ocrx_word' id='word_1_94' title='bbox 1687 929 1832 970; x_wconf 79' lang='lat' dir='ltr'>Amob.</span> 
     </span>
     <span class='ocr_line' id='line_1_14' title="bbox 363 987 977 1039; baseline 0 -13"><span class='ocrx_word' id='word_1_95' title='bbox 363 990 491 1027; x_wconf 91' lang='lat' dir='ltr'>Amm.</span> <span class='ocrx_word' id='word_1_96' title='bbox 517 988 727 1039; x_wconf 84' lang='lat' dir='ltr'>Augustin.</span> <span class='ocrx_word' id='word_1_97' title='bbox 753 987 858 1026; x_wconf 84' lang='lat' dir='ltr'>Cael.</span> <span class='ocrx_word' id='word_1_98' title='bbox 882 987 977 1026; x_wconf 87' lang='lat' dir='ltr'>Aur.</span> 
     </span>
    </p>

    <p class='ocr_par' dir='ltr' id='par_1_9' title="bbox 305 1042 1508 1095">
     <span class='ocr_line' id='line_1_15' title="bbox 305 1042 1508 1095; baseline -0.001 -11"><span class='ocrx_word' id='word_1_99' title='bbox 305 1042 569 1085; x_wconf 80' lang='lat' dir='ltr'>memorabile</span> <span class='ocrx_word' id='word_1_100' title='bbox 594 1058 746 1085; x_wconf 78' lang='lat' dir='ltr'><em>carmen</em></span> <span class='ocrx_word' id='word_1_101' title='bbox 772 1047 903 1095; x_wconf 88' lang='grc'>2587,</span> <span class='ocrx_word' id='word_1_102' title='bbox 928 1045 1047 1083; x_wconf 79' lang='lat' dir='ltr'>etiam</span> <span class='ocrx_word' id='word_1_103' title='bbox 1072 1057 1132 1094; x_wconf 82' lang='lat' dir='ltr'>ap.</span> <span class='ocrx_word' id='word_1_104' title='bbox 1164 1044 1332 1094; x_wconf 87' lang='lat' dir='ltr'>optimos</span> <span class='ocrx_word' id='word_1_105' title='bbox 1358 1045 1508 1094; x_wconf 81' lang='lat' dir='ltr'>scriptt.</span> 
     </span>
    </p>

    <p class='ocr_par' dir='ltr' id='par_1_10' title="bbox 304 1098 1878 1213">
     <span class='ocr_line' id='line_1_16' title="bbox 304 1098 1830 1156; baseline 0.001 -13"><span class='ocrx_word' id='word_1_106' title='bbox 304 1101 473 1143; x_wconf 81' lang='lat' dir='ltr'>mobilis</span> <span class='ocrx_word' id='word_1_107' title='bbox 499 1106 610 1143; x_wconf 82' lang='lat'>2152</span> <span class='ocrx_word' id='word_1_108' title='bbox 641 1105 790 1143; x_wconf 75' lang='lat' dir='ltr'><em>mobilis</em></span> <span class='ocrx_word' id='word_1_109' title='bbox 819 1105 880 1142; x_wconf 78' lang='lat' dir='ltr'>hic</span> <span class='ocrx_word' id='word_1_110' title='bbox 910 1105 1012 1142; x_wconf 84' lang='lat' dir='ltr'><em>locus</em></span> <span class='ocrx_word' id='word_1_111' title='bbox 1042 1098 1141 1156; x_wconf 86' lang='lat' dir='ltr'>(scil.</span> <span class='ocrx_word' id='word_1_112' title='bbox 1175 1098 1347 1155; x_wconf 65' lang='lat' dir='ltr'>versus),</span> <span class='ocrx_word' id='word_1_113' title='bbox 1384 1103 1488 1142; x_wconf 83' lang='lat' dir='ltr'>idem</span> <span class='ocrx_word' id='word_1_114' title='bbox 1521 1104 1631 1142; x_wconf 83' lang='lat'>2556</span> <span class='ocrx_word' id='word_1_115' title='bbox 1657 1104 1698 1142; x_wconf 77' lang='lat' dir='ltr'>et</span> <span class='ocrx_word' id='word_1_116' title='bbox 1719 1101 1830 1144; x_wconf 75' lang='lat'>263⁷</span> 
     </span>
     <span class='ocr_line' id='line_1_17' title="bbox 363 1163 1878 1213; baseline -0.002 -12"><span class='ocrx_word' id='word_1_117' title='bbox 363 1164 526 1212; x_wconf 73' lang='lat' dir='ltr'>legitur,</span> <span class='ocrx_word' id='word_1_118' title='bbox 552 1176 628 1202; x_wconf 81' lang='lat' dir='ltr'>vox</span> <span class='ocrx_word' id='word_1_119' title='bbox 651 1163 799 1201; x_wconf 79' lang='lat' dir='ltr'>usitata</span> <span class='ocrx_word' id='word_1_120' title='bbox 824 1163 896 1200; x_wconf 80' lang='lat' dir='ltr'>est.</span> <span class='ocrx_word' id='word_1_121' title='bbox 1875 1209 1878 1213; x_wconf 87' lang='lat'>.</span> 
     </span>
    </p>

    <p class='ocr_par' dir='ltr' id='par_1_11' title="bbox 304 1217 1832 1387">
     <span class='ocr_line' id='line_1_18' title="bbox 304 1217 1832 1273; baseline -0.001 -14"><span class='ocrx_word' id='word_1_122' title='bbox 304 1217 460 1260; x_wconf 82' lang='lat' dir='ltr'>nexilis</span> <span class='ocrx_word' id='word_1_123' title='bbox 487 1223 568 1261; x_wconf 89' lang='lat'>515</span> <span class='ocrx_word' id='word_1_124' title='bbox 598 1223 611 1259; x_wconf 85' lang='lat' dir='ltr'><em>i</em></span> <span class='ocrx_word' id='word_1_125' title='bbox 630 1251 637 1260; x_wconf 92' lang='lat'>.</span> <span class='ocrx_word' id='word_1_126' title='bbox 659 1252 667 1260; x_wconf 91' lang='lat'>.</span> <span class='ocrx_word' id='word_1_127' title='bbox 687 1222 866 1259; x_wconf 85' lang='lat' dir='ltr'><em>Romana</em></span> <span class='ocrx_word' id='word_1_128' title='bbox 891 1221 1021 1268; x_wconf 71' lang='lat' dir='ltr'><em>linqua</em></span> <span class='ocrx_word' id='word_1_129' title='bbox 1039 1232 1116 1258; x_wconf 80' lang='lat' dir='ltr'>mm</span> <span class='ocrx_word' id='word_1_130' title='bbox 1132 1223 1255 1273; x_wconf 79' lang='lat' dir='ltr'>potest</span> <span class='ocrx_word' id='word_1_131' title='bbox 1271 1221 1528 1268; x_wconf 75' lang='lat' dir='ltr'>praemittere,</span> <span class='ocrx_word' id='word_1_132' title='bbox 1554 1220 1639 1259; x_wconf 87' lang='lat' dir='ltr'><em>edat</em></span> <span class='ocrx_word' id='word_1_133' title='bbox 1660 1222 1703 1258; x_wconf 77' lang='lat' dir='ltr'>ut</span> <span class='ocrx_word' id='word_1_134' title='bbox 1725 1220 1832 1269; x_wconf 63' lang='lat' dir='ltr'>diph-</span> 
     </span>
     <span class='ocr_line' id='line_1_19' title="bbox 367 1275 1832 1328; baseline 0.001 -11"><span class='ocrx_word' id='word_1_135' title='bbox 367 1282 526 1328; x_wconf 63' lang='lat' dir='ltr'>thongon</span> <span class='ocrx_word' id='word_1_136' title='bbox 550 1281 620 1318; x_wconf 80' lang='lat' dir='ltr'>ulli</span> <span class='ocrx_word' id='word_1_137' title='bbox 649 1281 785 1318; x_wconf 71' lang='lat' dir='ltr'>nexilis</span> <span class='ocrx_word' id='word_1_138' title='bbox 816 1280 1013 1318; x_wconf 79' lang='lat' dir='ltr'><em>vocalium.</em></span> <span class='ocrx_word' id='word_1_139' title='bbox 1063 1277 1149 1316; x_wconf 82' lang='lat' dir='ltr'>Vox</span> <span class='ocrx_word' id='word_1_140' title='bbox 1180 1278 1378 1316; x_wconf 85' lang='lat' dir='ltr'>invenitur</span> <span class='ocrx_word' id='word_1_141' title='bbox 1402 1290 1463 1328; x_wconf 81' lang='lat' dir='ltr'>ap.</span> <span class='ocrx_word' id='word_1_142' title='bbox 1489 1277 1601 1317; x_wconf 81' lang='lat' dir='ltr'>Luer.</span> <span class='ocrx_word' id='word_1_143' title='bbox 1625 1277 1737 1318; x_wconf 76' lang='lat' dir='ltr'>Varr.</span> <span class='ocrx_word' id='word_1_144' title='bbox 1761 1275 1832 1318; x_wconf 83' lang='lat' dir='ltr'>Ov.</span> 
     </span>
     <span class='ocr_line' id='line_1_20' title="bbox 365 1337 743 1387; baseline -0.003 -11"><span class='ocrx_word' id='word_1_145' title='bbox 365 1339 480 1376; x_wconf 81' lang='lat' dir='ltr'>Mart.</span> <span class='ocrx_word' id='word_1_146' title='bbox 506 1337 597 1387; x_wconf 86' lang='lat' dir='ltr'>Cap.</span> <span class='ocrx_word' id='word_1_147' title='bbox 624 1337 743 1376; x_wconf 88' lang='lat' dir='ltr'>Prud.</span> 
     </span>
    </p>

    <p class='ocr_par' dir='ltr' id='par_1_12' title="bbox 306 1392 1154 1446">
     <span class='ocr_line' id='line_1_21' title="bbox 306 1392 1154 1446; baseline -0.002 -12"><span class='ocrx_word' id='word_1_148' title='bbox 306 1392 474 1435; x_wconf 79' lang='lat' dir='ltr'>novalis</span> <span class='ocrx_word' id='word_1_149' title='bbox 502 1398 601 1446; x_wconf 87' lang='grc'>179,</span> <span class='ocrx_word' id='word_1_150' title='bbox 628 1409 703 1435; x_wconf 85' lang='lat' dir='ltr'>vox</span> <span class='ocrx_word' id='word_1_151' title='bbox 728 1408 806 1434; x_wconf 89' lang='lat' dir='ltr'>non</span> <span class='ocrx_word' id='word_1_152' title='bbox 829 1408 919 1434; x_wconf 83' lang='lat' dir='ltr'><em>raro</em></span> <span class='ocrx_word' id='word_1_153' title='bbox 944 1395 1154 1434; x_wconf 81' lang='lat' dir='ltr'>invenitur.</span> 
     </span>
    </p>

    <p class='ocr_par' dir='ltr' id='par_1_13' title="bbox 306 1451 1833 1620">
     <span class='ocr_line' id='line_1_22' title="bbox 306 1451 1831 1505; baseline -0.002 -12"><span class='ocrx_word' id='word_1_154' title='bbox 306 1451 458 1505; x_wconf 83' lang='lat' dir='ltr'>parilis</span> <span class='ocrx_word' id='word_1_155' title='bbox 477 1467 551 1494; x_wconf 84' lang='lat' dir='ltr'>vox</span> <span class='ocrx_word' id='word_1_156' title='bbox 570 1456 732 1504; x_wconf 84' lang='lat' dir='ltr'>propter</span> <span class='ocrx_word' id='word_1_157' title='bbox 751 1455 918 1492; x_wconf 82' lang='lat' dir='ltr'>metrum</span> <span class='ocrx_word' id='word_1_158' title='bbox 939 1466 963 1492; x_wconf 82' lang='lat' dir='ltr'><em>a</em></span> <span class='ocrx_word' id='word_1_159' title='bbox 979 1454 1106 1502; x_wconf 74' lang='lat' dir='ltr'>poetis</span> <span class='ocrx_word' id='word_1_160' title='bbox 1125 1456 1171 1492; x_wconf 89' lang='lat' dir='ltr'>ut</span> <span class='ocrx_word' id='word_1_161' title='bbox 1189 1465 1214 1491; x_wconf 75' lang='lat' dir='ltr'><em>a</em></span> <span class='ocrx_word' id='word_1_162' title='bbox 1231 1452 1346 1491; x_wconf 78' lang='lat' dir='ltr'>Lacr.</span> <span class='ocrx_word' id='word_1_163' title='bbox 1368 1452 1445 1491; x_wconf 86' lang='lat' dir='ltr'>Cic.</span> <span class='ocrx_word' id='word_1_164' title='bbox 1464 1454 1566 1501; x_wconf 87' lang='lat' dir='ltr'>poet.</span> <span class='ocrx_word' id='word_1_165' title='bbox 1586 1451 1656 1491; x_wconf 83' lang='lat' dir='ltr'>Ov.</span> <span class='ocrx_word' id='word_1_166' title='bbox 1680 1451 1831 1491; x_wconf 78' lang='lat' dir='ltr'>Nemes.</span> 
     </span>
     <span class='ocr_line' id='line_1_23' title="bbox 365 1510 1833 1563; baseline -0.001 -12"><span class='ocrx_word' id='word_1_167' title='bbox 365 1514 416 1551; x_wconf 87' lang='lat' dir='ltr'>al.</span> <span class='ocrx_word' id='word_1_168' title='bbox 443 1514 597 1562; x_wconf 79' lang='lat' dir='ltr'>saepius</span> <span class='ocrx_word' id='word_1_169' title='bbox 629 1513 848 1552; x_wconf 83' lang='lat' dir='ltr'>adhibitum</span> <span class='ocrx_word' id='word_1_170' title='bbox 874 1515 951 1563; x_wconf 82' lang='lat' dir='ltr'>est,</span> <span class='ocrx_word' id='word_1_171' title='bbox 982 1514 1023 1550; x_wconf 82' lang='lat' dir='ltr'>et</span> <span class='ocrx_word' id='word_1_172' title='bbox 1052 1512 1110 1550; x_wconf 86' lang='lat' dir='ltr'>ita</span> <span class='ocrx_word' id='word_1_173' title='bbox 1138 1524 1163 1550; x_wconf 78' lang='lat' dir='ltr'><em>a</em></span> <span class='ocrx_word' id='word_1_174' title='bbox 1187 1511 1423 1550; x_wconf 79' lang='lat' dir='ltr'>Terentiano</span> <span class='ocrx_word' id='word_1_175' title='bbox 1457 1511 1558 1561; x_wconf 88' lang='grc'>263,</span> <span class='ocrx_word' id='word_1_176' title='bbox 1584 1511 1686 1562; x_wconf 85' lang='grc'>265,</span> <span class='ocrx_word' id='word_1_177' title='bbox 1711 1510 1833 1561; x_wconf 86' lang='lat'>1568,</span> 
     </span>
     <span class='ocr_line' id='line_1_24' title="bbox 366 1572 795 1620; baseline -0.002 -10"><span class='ocrx_word' id='word_1_178' title='bbox 366 1573 490 1619; x_wconf 85' lang='lat'>1968,</span> <span class='ocrx_word' id='word_1_179' title='bbox 517 1573 642 1620; x_wconf 85' lang='lat'>2696,</span> <span class='ocrx_word' id='word_1_180' title='bbox 669 1572 795 1610; x_wconf 84' lang='lat'>2804.</span> 
     </span>
    </p>

    <p class='ocr_par' dir='ltr' id='par_1_14' title="bbox 303 1621 1833 1738">
     <span class='ocr_line' id='line_1_25' title="bbox 303 1621 1833 1680; baseline -0.001 -12"><span class='ocrx_word' id='word_1_181' title='bbox 303 1625 518 1680; x_wconf 79' lang='lat' dir='ltr'><strong>pastorale</strong></span> <span class='ocrx_word' id='word_1_182' title='bbox 549 1642 701 1668; x_wconf 80' lang='lat' dir='ltr'><em>carmen</em></span> <span class='ocrx_word' id='word_1_183' title='bbox 728 1631 856 1678; x_wconf 90' lang='grc'>2123,</span> <span class='ocrx_word' id='word_1_184' title='bbox 890 1630 994 1668; x_wconf 85' lang='lat' dir='ltr'>idem</span> <span class='ocrx_word' id='word_1_185' title='bbox 1028 1628 1154 1667; x_wconf 91' lang='lat' dir='ltr'>Diom.</span> <span class='ocrx_word' id='word_1_186' title='bbox 1179 1629 1474 1678; x_wconf 81' lang='lat' dir='ltr'>commemorat3</span> <span class='ocrx_word' id='word_1_187' title='bbox 1506 1621 1734 1680; x_wconf 77' lang='lat' dir='ltr'><em>(pastoralis</em></span> <span class='ocrx_word' id='word_1_188' title='bbox 1757 1624 1833 1667; x_wconf 81' lang='lat' dir='ltr'>cie.</span> 
     </span>
     <span class='ocr_line' id='line_1_26' title="bbox 362 1681 1218 1738; baseline -0.001 -13"><span class='ocrx_word' id='word_1_189' title='bbox 362 1688 475 1726; x_wconf 83' lang='lat' dir='ltr'>Varr.</span> <span class='ocrx_word' id='word_1_190' title='bbox 506 1687 624 1737; x_wconf 82' lang='lat' dir='ltr'>Verg.</span> <span class='ocrx_word' id='word_1_191' title='bbox 651 1688 734 1726; x_wconf 85' lang='lat' dir='ltr'>Liv.</span> <span class='ocrx_word' id='word_1_192' title='bbox 761 1687 843 1726; x_wconf 87' lang='lat' dir='ltr'>Col.</span> <span class='ocrx_word' id='word_1_193' title='bbox 869 1688 969 1726; x_wconf 85' lang='lat' dir='ltr'>Plin.</span> <span class='ocrx_word' id='word_1_194' title='bbox 996 1688 1112 1726; x_wconf 78' lang='lat' dir='ltr'>Macr.</span> <span class='ocrx_word' id='word_1_195' title='bbox 1138 1681 1218 1738; x_wconf 80' lang='lat' dir='ltr'>aL).</span> 
     </span>
    </p>

    <p class='ocr_par' dir='ltr' id='par_1_15' title="bbox 309 1742 991 1797">
     <span class='ocr_line' id='line_1_27' title="bbox 309 1742 991 1797; baseline -0.003 -13"><span class='ocrx_word' id='word_1_196' title='bbox 309 1742 555 1796; x_wconf 82' lang='lat' dir='ltr'>[pluraliter</span> <span class='ocrx_word' id='word_1_197' title='bbox 586 1747 689 1797; x_wconf 86' lang='grc'>463,</span> <span class='ocrx_word' id='word_1_198' title='bbox 715 1746 803 1784; x_wconf 86' lang='lat' dir='ltr'>Seu.</span> <span class='ocrx_word' id='word_1_199' title='bbox 829 1748 870 1784; x_wconf 84' lang='lat' dir='ltr'>et</span> <span class='ocrx_word' id='word_1_200' title='bbox 895 1744 991 1794; x_wconf 66' lang='lat' dir='ltr'>alii]</span> 
     </span>
    </p>

    <p class='ocr_par' dir='ltr' id='par_1_16' title="bbox 306 1794 1838 2026">
     <span class='ocr_line' id='line_1_28' title="bbox 306 1794 1836 1855; baseline -0.003 -12"><span class='ocrx_word' id='word_1_201' title='bbox 306 1801 556 1855; x_wconf 79' lang='lat' dir='ltr'>principalis</span> <span class='ocrx_word' id='word_1_202' title='bbox 576 1821 630 1835; x_wconf 92' lang='lat'><strong><em>=</em></strong></span> <span class='ocrx_word' id='word_1_203' title='bbox 656 1805 924 1852; x_wconf 74' lang='lat' dir='ltr'>urspranylich</span> <span class='ocrx_word' id='word_1_204' title='bbox 954 1805 1038 1842; x_wconf 85' lang='lat'>438</span> <span class='ocrx_word' id='word_1_205' title='bbox 1068 1804 1281 1852; x_wconf 47' lang='lat' dir='ltr'>principali</span> <span class='ocrx_word' id='word_1_206' title='bbox 1317 1804 1358 1840; x_wconf 77' lang='lat' dir='ltr'>in</span> <span class='ocrx_word' id='word_1_207' title='bbox 1389 1814 1542 1850; x_wconf 81' lang='lat' dir='ltr'>corpore</span> <span class='ocrx_word' id='word_1_208' title='bbox 1572 1796 1672 1853; x_wconf 83' lang='lat' dir='ltr'>(scil.</span> <span class='ocrx_word' id='word_1_209' title='bbox 1697 1794 1836 1851; x_wconf 80' lang='lat' dir='ltr'>verbi),</span> 
     </span>
     <span class='ocr_line' id='line_1_29' title="bbox 363 1859 1838 1911; baseline -0.003 -10"><span class='ocrx_word' id='word_1_210' title='bbox 363 1864 449 1901; x_wconf 87' lang='grc'>460</span> <span class='ocrx_word' id='word_1_211' title='bbox 467 1864 681 1911; x_wconf 79' lang='lat' dir='ltr'>principali</span> <span class='ocrx_word' id='word_1_212' title='bbox 704 1865 745 1900; x_wconf 81' lang='lat' dir='ltr'>in</span> <span class='ocrx_word' id='word_1_213' title='bbox 768 1864 929 1905; x_wconf 81' lang='lat' dir='ltr'>nomine,</span> <span class='ocrx_word' id='word_1_214' title='bbox 955 1863 1038 1900; x_wconf 85' lang='lat'>462</span> <span class='ocrx_word' id='word_1_215' title='bbox 1058 1862 1271 1910; x_wconf 76' lang='lat' dir='ltr'>principali</span> <span class='ocrx_word' id='word_1_216' title='bbox 1289 1862 1410 1903; x_wconf 80' lang='lat' dir='ltr'>verbo,</span> <span class='ocrx_word' id='word_1_217' title='bbox 1440 1861 1516 1899; x_wconf 91' lang='lat'>701</span> <span class='ocrx_word' id='word_1_218' title='bbox 1542 1860 1756 1908; x_wconf 77' lang='lat' dir='ltr'>principale</span> <span class='ocrx_word' id='word_1_219' title='bbox 1771 1859 1838 1897; x_wconf 78' lang='lat' dir='ltr'>sed</span> 
     </span>
     <span class='ocr_line' id='line_1_30' title="bbox 363 1918 1835 1968; baseline -0.003 -9"><span class='ocrx_word' id='word_1_220' title='bbox 363 1923 532 1959; x_wconf 76' lang='lat' dir='ltr'>videmus</span> <span class='ocrx_word' id='word_1_221' title='bbox 565 1933 641 1959; x_wconf 81' lang='lat' dir='ltr'>esse</span> <span class='ocrx_word' id='word_1_222' title='bbox 671 1923 775 1968; x_wconf 74' lang='lat' dir='ltr'>quis</span> <span class='ocrx_word' id='word_1_223' title='bbox 804 1933 875 1967; x_wconf 76' lang='lat' dir='ltr'>Quo</span> <span class='ocrx_word' id='word_1_224' title='bbox 899 1922 1071 1958; x_wconf 73' lang='lat' dir='ltr'><em>nascitur</em></span> <span class='ocrx_word' id='word_1_225' title='bbox 1094 1922 1189 1966; x_wconf 79' lang='lat' dir='ltr'>cui,·</span> <span class='ocrx_word' id='word_1_226' title='bbox 1218 1919 1353 1957; x_wconf 84' lang='lat' dir='ltr'>eodem</span> <span class='ocrx_word' id='word_1_227' title='bbox 1386 1930 1502 1957; x_wconf 80' lang='lat' dir='ltr'>sensu</span> <span class='ocrx_word' id='word_1_228' title='bbox 1528 1931 1552 1956; x_wconf 79' lang='lat' dir='ltr'><em>a</em></span> <span class='ocrx_word' id='word_1_229' title='bbox 1583 1918 1660 1956; x_wconf 73' lang='lat' dir='ltr'>Cio.</span> <span class='ocrx_word' id='word_1_230' title='bbox 1687 1927 1835 1961; x_wconf 72' lang='lat' dir='ltr'><em>causae,</em></span> 
     </span>
     <span class='ocr_line' id='line_1_31' title="bbox 365 1977 1639 2026; baseline -0.002 -9"><span class='ocrx_word' id='word_1_231' title='bbox 365 1992 388 2017; x_wconf 88' lang='lat' dir='ltr'><em>a</em></span> <span class='ocrx_word' id='word_1_232' title='bbox 413 1979 543 2025; x_wconf 79' lang='lat' dir='ltr'>Quint.</span> <span class='ocrx_word' id='word_1_233' title='bbox 580 1980 819 2026; x_wconf 69' lang='lat' dir='ltr'>siqnificatio,</span> <span class='ocrx_word' id='word_1_234' title='bbox 845 1991 868 2016; x_wconf 84' lang='lat' dir='ltr'><em>a</em></span> <span class='ocrx_word' id='word_1_235' title='bbox 893 1977 1019 2016; x_wconf 88' lang='lat' dir='ltr'>Gellio</span> <span class='ocrx_word' id='word_1_236' title='bbox 1044 1979 1157 2016; x_wconf 81' lang='lat' dir='ltr'><em>verba</em></span> <span class='ocrx_word' id='word_1_237' title='bbox 1175 1978 1414 2025; x_wconf 76' lang='lat' dir='ltr'>principalia</span> <span class='ocrx_word' id='word_1_238' title='bbox 1439 1978 1639 2015; x_wconf 80' lang='lat' dir='ltr'>vocantur.</span> 
     </span>
    </p>

    <p class='ocr_par' dir='ltr' id='par_1_17' title="bbox 303 2033 1366 2087">
     <span class='ocr_line' id='line_1_32' title="bbox 303 2033 1366 2087; baseline -0.001 -12"><span class='ocrx_word' id='word_1_239' title='bbox 303 2033 536 2086; x_wconf 79' lang='lat' dir='ltr'>probabilis</span> <span class='ocrx_word' id='word_1_240' title='bbox 568 2038 669 2087; x_wconf 88' lang='grc'>386,</span> <span class='ocrx_word' id='word_1_241' title='bbox 696 2036 770 2075; x_wconf 86' lang='lat' dir='ltr'>Cic.</span> <span class='ocrx_word' id='word_1_242' title='bbox 795 2036 894 2086; x_wconf 85' lang='lat' dir='ltr'>Nep.</span> <span class='ocrx_word' id='word_1_243' title='bbox 920 2036 1004 2074; x_wconf 83' lang='lat' dir='ltr'>Liv.</span> <span class='ocrx_word' id='word_1_244' title='bbox 1030 2035 1112 2074; x_wconf 90' lang='lat' dir='ltr'>Col.</span> <span class='ocrx_word' id='word_1_245' title='bbox 1140 2035 1238 2074; x_wconf 88' lang='lat' dir='ltr'>Plin.</span> <span class='ocrx_word' id='word_1_246' title='bbox 1266 2034 1366 2074; x_wconf 85' lang='lat' dir='ltr'>Gell.</span> 
     </span>
    </p>

    <p class='ocr_par' dir='ltr' id='par_1_18' title="bbox 304 2090 1594 2140">
     <span class='ocr_line' id='line_1_33' title="bbox 304 2090 1594 2140; baseline 0 -8"><span class='ocrx_word' id='word_1_247' title='bbox 304 2090 474 2133; x_wconf 77' lang='lat' dir='ltr'>stabilis</span> <span class='ocrx_word' id='word_1_248' title='bbox 499 2097 567 2134; x_wconf 87' lang='lat'>45.</span> <span class='ocrx_word' id='word_1_249' title='bbox 1590 2137 1594 2140; x_wconf 55' lang='grc'>,</span> 
     </span>
    </p>

    <p class='ocr_par' dir='ltr' id='par_1_19' title="bbox 305 2145 1834 2263">
     <span class='ocr_line' id='line_1_34' title="bbox 305 2145 1834 2203; baseline -0.003 -13"><span class='ocrx_word' id='word_1_250' title='bbox 305 2149 550 2191; x_wconf 75' lang='lat' dir='ltr'>tractabilis</span> <span class='ocrx_word' id='word_1_251' title='bbox 582 2155 634 2192; x_wconf 91' lang='grc'>66</span> <span class='ocrx_word' id='word_1_252' title='bbox 668 2156 713 2192; x_wconf 76' lang='lat' dir='ltr'>tr.</span> <span class='ocrx_word' id='word_1_253' title='bbox 738 2154 914 2201; x_wconf 74' lang='lat' dir='ltr'>pondus,·</span> <span class='ocrx_word' id='word_1_254' title='bbox 954 2152 1032 2191; x_wconf 85' lang='lat' dir='ltr'>Cic.</span> <span class='ocrx_word' id='word_1_255' title='bbox 1058 2153 1177 2201; x_wconf 87' lang='lat' dir='ltr'>Verg.</span> <span class='ocrx_word' id='word_1_256' title='bbox 1209 2151 1277 2191; x_wconf 87' lang='lat' dir='ltr'>Ov.</span> <span class='ocrx_word' id='word_1_257' title='bbox 1310 2151 1408 2190; x_wconf 74' lang='lat' dir='ltr'>Stat.</span> <span class='ocrx_word' id='word_1_258' title='bbox 1440 2145 1527 2203; x_wconf 92' lang='lat' dir='ltr'>(qui</span> <span class='ocrx_word' id='word_1_259' title='bbox 1569 2150 1653 2200; x_wconf 83' lang='lat' dir='ltr'>ipse</span> <span class='ocrx_word' id='word_1_260' title='bbox 1685 2160 1834 2200; x_wconf 82' lang='lat' dir='ltr'>quoqne</span> 
     </span>
     <span class='ocr_line' id='line_1_35' title="bbox 366 2206 1244 2263; baseline -0.002 -13"><span class='ocrx_word' id='word_1_261' title='bbox 366 2213 560 2250; x_wconf 77' lang='lat' dir='ltr'>tractabile</span> <span class='ocrx_word' id='word_1_262' title='bbox 578 2213 732 2259; x_wconf 80' lang='lat' dir='ltr'>pondus</span> <span class='ocrx_word' id='word_1_263' title='bbox 756 2206 908 2263; x_wconf 82' lang='lat' dir='ltr'>habet),</span> <span class='ocrx_word' id='word_1_264' title='bbox 934 2211 1031 2248; x_wconf 88' lang='lat' dir='ltr'>Plin.</span> <span class='ocrx_word' id='word_1_265' title='bbox 1053 2224 1112 2260; x_wconf 89' lang='lat' dir='ltr'>ep.</span> <span class='ocrx_word' id='word_1_266' title='bbox 1138 2211 1244 2248; x_wconf 86' lang='lat' dir='ltr'><em>Lact.</em></span> 
     </span>
    </p>

    <p class='ocr_par' dir='ltr' id='par_1_20' title="bbox 305 2265 1866 2551">
     <span class='ocr_line' id='line_1_36' title="bbox 305 2265 1836 2318; baseline -0.003 -11"><span class='ocrx_word' id='word_1_267' title='bbox 305 2265 466 2308; x_wconf 83' lang='lat' dir='ltr'>vocalis</span> <span class='ocrx_word' id='word_1_268' title='bbox 493 2270 785 2308; x_wconf 77' lang='lat' dir='ltr'>substantivum</span> <span class='ocrx_word' id='word_1_269' title='bbox 817 2272 862 2308; x_wconf 84' lang='lat' dir='ltr'>ut</span> <span class='ocrx_word' id='word_1_270' title='bbox 886 2282 946 2318; x_wconf 85' lang='lat' dir='ltr'>ap.</span> <span class='ocrx_word' id='word_1_271' title='bbox 973 2268 1051 2308; x_wconf 83' lang='lat' dir='ltr'>Cic.</span> <span class='ocrx_word' id='word_1_272' title='bbox 1077 2272 1117 2307; x_wconf 84' lang='lat' dir='ltr'>et</span> <span class='ocrx_word' id='word_1_273' title='bbox 1142 2268 1273 2314; x_wconf 82' lang='lat' dir='ltr'>Quint.</span> <span class='ocrx_word' id='word_1_274' title='bbox 1300 2280 1417 2316; x_wconf 81' lang='lat' dir='ltr'>saepe</span> <span class='ocrx_word' id='word_1_275' title='bbox 1448 2266 1663 2316; x_wconf 69' lang='lat' dir='ltr'>invenitur,</span> <span class='ocrx_word' id='word_1_276' title='bbox 1693 2265 1836 2304; x_wconf 72' lang='lat' dir='ltr'>litterae</span> 
     </span>
     <span class='ocr_line' id='line_1_37' title="bbox 362 2324 1836 2376; baseline -0.003 -10"><span class='ocrx_word' id='word_1_277' title='bbox 362 2330 507 2366; x_wconf 77' lang='lat' dir='ltr'><em>vocales</em></span> <span class='ocrx_word' id='word_1_278' title='bbox 539 2329 620 2366; x_wconf 88' lang='lat'>647</span> <span class='ocrx_word' id='word_1_279' title='bbox 654 2330 1029 2376; x_wconf 80' lang='lat' dir='ltr'>commemorantur,</span> <span class='ocrx_word' id='word_1_280' title='bbox 1061 2328 1240 2366; x_wconf 75' lang='lat' dir='ltr'>elementa</span> <span class='ocrx_word' id='word_1_281' title='bbox 1271 2326 1419 2364; x_wconf 81' lang='lat' dir='ltr'><em>vocalia</em></span> <span class='ocrx_word' id='word_1_282' title='bbox 1451 2325 1524 2374; x_wconf 89' lang='lat'>86,</span> <span class='ocrx_word' id='word_1_283' title='bbox 1554 2324 1695 2363; x_wconf 70' lang='lat' dir='ltr'><em>vocalis</em></span> <span class='ocrx_word' id='word_1_284' title='bbox 1721 2333 1836 2362; x_wconf 66' lang='lat' dir='ltr'><em>sonus</em></span> 
     </span>
     <span class='ocr_line' id='line_1_38' title="bbox 364 2378 1866 2436; baseline -0.004 -11"><span class='ocrx_word' id='word_1_285' title='bbox 364 2387 460 2436; x_wconf 88' lang='lat'>565,</span> <span class='ocrx_word' id='word_1_286' title='bbox 481 2387 576 2434; x_wconf 88' lang='grc'>642,</span> <span class='ocrx_word' id='word_1_287' title='bbox 598 2387 694 2436; x_wconf 87' lang='grc'>752,</span> <span class='ocrx_word' id='word_1_288' title='bbox 714 2388 809 2430; x_wconf 84' lang='grc'>764,</span> <span class='ocrx_word' id='word_1_289' title='bbox 830 2386 926 2425; x_wconf 88' lang='lat'>968.</span> <span class='ocrx_word' id='word_1_290' title='bbox 976 2385 1159 2424; x_wconf 74' lang='lat' dir='ltr'>Notanda.</span> <span class='ocrx_word' id='word_1_291' title='bbox 1184 2385 1280 2423; x_wconf 75' lang='lat' dir='ltr'>haee</span> <span class='ocrx_word' id='word_1_292' title='bbox 1304 2386 1413 2423; x_wconf 76' lang='lat' dir='ltr'>sunt:</span> <span class='ocrx_word' id='word_1_293' title='bbox 1441 2384 1522 2422; x_wconf 84' lang='lat'>139</span> <span class='ocrx_word' id='word_1_294' title='bbox 1548 2382 1675 2421; x_wconf 76' lang='lat' dir='ltr'><em>vocale</em></span> <span class='ocrx_word' id='word_1_295' title='bbox 1696 2390 1833 2420; x_wconf 69' lang='lat' dir='ltr'><em>sonan-</em></span> <span class='ocrx_word' id='word_1_296' title='bbox 1863 2378 1866 2381; x_wconf 80' lang='grc'><strong>’</strong></span> 
     </span>
     <span class='ocr_line' id='line_1_39' title="bbox 367 2438 1836 2496; baseline -0.003 -14"><span class='ocrx_word' id='word_1_297' title='bbox 367 2448 419 2483; x_wconf 79' lang='lat' dir='ltr'>tes</span> <span class='ocrx_word' id='word_1_298' title='bbox 444 2461 499 2475; x_wconf 92' lang='lat'>=</span> <span class='ocrx_word' id='word_1_299' title='bbox 524 2445 680 2491; x_wconf 80' lang='lat' dir='ltr'><em>vocales,</em></span> <span class='ocrx_word' id='word_1_300' title='bbox 707 2447 747 2482; x_wconf 85' lang='lat' dir='ltr'>et</span> <span class='ocrx_word' id='word_1_301' title='bbox 773 2445 855 2484; x_wconf 93' lang='lat'>373</span> <span class='ocrx_word' id='word_1_302' title='bbox 882 2443 1037 2495; x_wconf 73' lang='lat' dir='ltr'>(littera¹</span> <span class='ocrx_word' id='word_1_303' title='bbox 1060 2438 1108 2496; x_wconf 86' lang='lat' dir='ltr'>u)</span> <span class='ocrx_word' id='word_1_304' title='bbox 1133 2444 1283 2482; x_wconf 78' lang='lat' dir='ltr'>interim</span> <span class='ocrx_word' id='word_1_305' title='bbox 1307 2442 1433 2480; x_wconf 79' lang='lat' dir='ltr'><em>vocale</em></span> <span class='ocrx_word' id='word_1_306' title='bbox 1457 2444 1490 2479; x_wconf 78' lang='lat' dir='ltr'>et</span> <span class='ocrx_word' id='word_1_307' title='bbox 1511 2442 1656 2489; x_wconf 69' lang='lat' dir='ltr'>ipsum,</span> <span class='ocrx_word' id='word_1_308' title='bbox 1685 2441 1836 2487; x_wconf 66' lang='lat' dir='ltr'><em>wntpta</em></span> 
     </span>
     <span class='ocr_line' id='line_1_40' title="bbox 359 2496 1752 2551; baseline -0.004 -11"><span class='ocrx_word' id='word_1_309' title='bbox 359 2516 411 2551; x_wconf 68' lang='lat' dir='ltr'>po</span> <span class='ocrx_word' id='word_1_310' title='bbox 413 2506 516 2551; x_wconf 82' lang='lat' dir='ltr'>optor</span> <span class='ocrx_word' id='word_1_311' title='bbox 541 2504 639 2551; x_wconf 77' lang='lat' dir='ltr'><em>quod</em></span> <span class='ocrx_word' id='word_1_312' title='bbox 661 2504 747 2550; x_wconf 83' lang='lat' dir='ltr'>fuit,</span> <span class='ocrx_word' id='word_1_313' title='bbox 772 2514 847 2540; x_wconf 82' lang='lat' dir='ltr'>non</span> <span class='ocrx_word' id='word_1_314' title='bbox 872 2503 1007 2541; x_wconf 81' lang='lat' dir='ltr'><em>tuendo</em></span> <span class='ocrx_word' id='word_1_315' title='bbox 1030 2502 1266 2550; x_wconf 76' lang='lat' dir='ltr'><em>syllabarum</em></span> <span class='ocrx_word' id='word_1_316' title='bbox 1289 2496 1401 2548; x_wconf 82' lang='lat' dir='ltr'><em>saepe</em></span> <span class='ocrx_word' id='word_1_317' title='bbox 1422 2501 1544 2538; x_wconf 79' lang='lat' dir='ltr'><em>mutat</em></span> <span class='ocrx_word' id='word_1_318' title='bbox 1571 2497 1752 2546; x_wconf 69' lang='lat' dir='ltr'>reyulam.</span> 
     </span>
    </p>

    <p class='ocr_par' dir='ltr' id='par_1_21' title="bbox 954 2566 1184 2602">
     <span class='ocr_line' id='line_1_41' title="bbox 954 2566 1184 2602; baseline 0 -1"><span class='ocrx_word' id='word_1_319' title='bbox 954 2566 997 2601; x_wconf 76' lang='lat' dir='ltr'>in</span> <span class='ocrx_word' id='word_1_320' title='bbox 1020 2568 1184 2602; x_wconf 70' lang='lat' dir='ltr'>—ivus.·</span> 
     </span>
    </p>
   </div>
   <div class='ocr_carea' id='block_1_4' title="bbox 303 2619 1834 2970">
    <p class='ocr_par' dir='ltr' id='par_1_22' title="bbox 308 2619 1834 2739">
     <span class='ocr_line' id='line_1_42' title="bbox 308 2619 1834 2679; baseline -0.005 -11"><span class='ocrx_word' id='word_1_321' title='bbox 308 2625 481 2669; x_wconf 77' lang='lat' dir='ltr'>dativus</span> <span class='ocrx_word' id='word_1_322' title='bbox 505 2643 618 2669; x_wconf 76' lang='lat' dir='ltr'><em>casus</em></span> <span class='ocrx_word' id='word_1_323' title='bbox 651 2632 746 2679; x_wconf 92' lang='grc'>702,</span> <span class='ocrx_word' id='word_1_324' title='bbox 778 2632 903 2669; x_wconf 81' lang='lat' dir='ltr'><em>clatiw</em></span> <span class='ocrx_word' id='word_1_325' title='bbox 928 2630 1117 2679; x_wconf 72' lang='lat' dir='ltr'>sinqulari</span> <span class='ocrx_word' id='word_1_326' title='bbox 1142 2629 1238 2668; x_wconf 89' lang='grc'><strong>711.</strong></span> <span class='ocrx_word' id='word_1_327' title='bbox 1282 2627 1413 2674; x_wconf 66' lang='lat' dir='ltr'>Quint„</span> <span class='ocrx_word' id='word_1_328' title='bbox 1433 2625 1531 2666; x_wconf 83' lang='lat' dir='ltr'>Gen.</span> <span class='ocrx_word' id='word_1_329' title='bbox 1549 2626 1668 2676; x_wconf 73' lang='lat' dir='ltr'>postt-</span> <span class='ocrx_word' id='word_1_330' title='bbox 1686 2619 1834 2676; x_wconf 73' lang='lat' dir='ltr'><em>(Varro</em></span> 
     </span>
     <span class='ocr_line' id='line_1_43' title="bbox 364 2684 781 2739; baseline 0.002 -13"><span class='ocrx_word' id='word_1_331' title='bbox 364 2689 407 2726; x_wconf 91' lang='lat' dir='ltr'>L.</span> <span class='ocrx_word' id='word_1_332' title='bbox 427 2689 470 2727; x_wconf 89' lang='lat' dir='ltr'>L.</span> <span class='ocrx_word' id='word_1_333' title='bbox 496 2701 607 2727; x_wconf 77' lang='lat' dir='ltr'><em>casus</em></span> <span class='ocrx_word' id='word_1_334' title='bbox 632 2684 781 2739; x_wconf 80' lang='lat' dir='ltr'>dandi).</span> 
     </span>
    </p>

    <p class='ocr_par' dir='ltr' id='par_1_23' title="bbox 303 2743 1224 2794">
     <span class='ocr_line' id='line_1_44' title="bbox 303 2743 1224 2794; baseline 0 -11"><span class='ocrx_word' id='word_1_335' title='bbox 303 2743 590 2785; x_wconf 84' lang='lat' dir='ltr'>nominativus</span> <span class='ocrx_word' id='word_1_336' title='bbox 615 2749 712 2794; x_wconf 84' lang='lat'>465,</span> <span class='ocrx_word' id='word_1_337' title='bbox 737 2746 848 2784; x_wconf 73' lang='lat' dir='ltr'>Vni-r.</span> <span class='ocrx_word' id='word_1_338' title='bbox 876 2747 1005 2792; x_wconf 75' lang='lat' dir='ltr'>Quint.</span> <span class='ocrx_word' id='word_1_339' title='bbox 1031 2746 1149 2784; x_wconf 81' lang='lat' dir='ltr'>Prisc.</span> <span class='ocrx_word' id='word_1_340' title='bbox 1175 2746 1224 2783; x_wconf 80' lang='lat' dir='ltr'>al.</span> 
     </span>
    </p>

    <p class='ocr_par' dir='ltr' id='par_1_24' title="bbox 304 2796 1832 2970">
     <span class='ocr_line' id='line_1_45' title="bbox 304 2796 1832 2856; baseline -0.004 -15"><span class='ocrx_word' id='word_1_341' title='bbox 304 2800 584 2851; x_wconf 79' lang='lat' dir='ltr'>†subditivus</span> <span class='ocrx_word' id='word_1_342' title='bbox 613 2805 829 2843; x_wconf 79' lang='lat' dir='ltr'>insolenter</span> <span class='ocrx_word' id='word_1_343' title='bbox 859 2805 1069 2843; x_wconf 79' lang='lat' dir='ltr'>adhibetur</span> <span class='ocrx_word' id='word_1_344' title='bbox 1096 2805 1227 2853; x_wconf 86' lang='grc'>2221,</span> <span class='ocrx_word' id='word_1_345' title='bbox 1257 2796 1501 2856; x_wconf 71' lang='lat' dir='ltr'>(trochaeus)</span> <span class='ocrx_word' id='word_1_346' title='bbox 1533 2798 1643 2838; x_wconf 78' lang='lat' dir='ltr'><em>habet</em></span> <span class='ocrx_word' id='word_1_347' title='bbox 1659 2826 1668 2836; x_wconf 91' lang='lat'>.</span> <span class='ocrx_word' id='word_1_348' title='bbox 1689 2828 1698 2836; x_wconf 95' lang='lat'>.</span> <span class='ocrx_word' id='word_1_349' title='bbox 1717 2826 1727 2837; x_wconf 91' lang='lat'>.</span> <span class='ocrx_word' id='word_1_350' title='bbox 1745 2798 1832 2836; x_wconf 74' lang='lat' dir='ltr'>eub-</span> 
     </span>
     <span class='ocr_line' id='line_1_46' title="bbox 362 2853 1831 2911; baseline -0.003 -12"><span class='ocrx_word' id='word_1_351' title='bbox 362 2864 521 2900; x_wconf 79' lang='lat' dir='ltr'>clitivum</span> <span class='ocrx_word' id='word_1_352' title='bbox 551 2864 786 2911; x_wconf 68' lang='lat' dir='ltr'><em>tribrachym</em></span> <span class='ocrx_word' id='word_1_353' title='bbox 818 2863 885 2902; x_wconf 86' lang='lat' dir='ltr'>sed</span> <span class='ocrx_word' id='word_1_354' title='bbox 912 2862 1157 2911; x_wconf 80' lang='lat' dir='ltr'>significatio,</span> <span class='ocrx_word' id='word_1_355' title='bbox 1188 2873 1306 2911; x_wconf 73' lang='lat' dir='ltr'>quam</span> <span class='ocrx_word' id='word_1_356' title='bbox 1331 2860 1425 2898; x_wconf 71' lang='lat' dir='ltr'>haee</span> <span class='ocrx_word' id='word_1_357' title='bbox 1448 2869 1523 2898; x_wconf 83' lang='lat' dir='ltr'>vox</span> <span class='ocrx_word' id='word_1_358' title='bbox 1547 2855 1692 2895; x_wconf 78' lang='lat' dir='ltr'>Arnob.</span> <span class='ocrx_word' id='word_1_359' title='bbox 1711 2853 1758 2901; x_wconf 89' lang='lat' dir='ltr'>V,</span> <span class='ocrx_word' id='word_1_360' title='bbox 1777 2856 1831 2894; x_wconf 83' lang='lat'>32</span> 
     </span>
     <span class='ocr_line' id='line_1_47' title="bbox 363 2913 1830 2970; baseline -0.005 -13"><span class='ocrx_word' id='word_1_361' title='bbox 363 2919 493 2968; x_wconf 82' lang='lat' dir='ltr'>habet,</span> <span class='ocrx_word' id='word_1_362' title='bbox 518 2932 594 2959; x_wconf 88' lang='lat' dir='ltr'>non</span> <span class='ocrx_word' id='word_1_363' title='bbox 614 2921 670 2958; x_wconf 81' lang='lat' dir='ltr'>ita.</span> <span class='ocrx_word' id='word_1_364' title='bbox 689 2921 826 2970; x_wconf 79' lang='lat' dir='ltr'>distat3</span> <span class='ocrx_word' id='word_1_365' title='bbox 852 2920 930 2958; x_wconf 79' lang='lat' dir='ltr'>alio</span> <span class='ocrx_word' id='word_1_366' title='bbox 951 2932 1066 2959; x_wconf 82' lang='lat' dir='ltr'>sensu</span> <span class='ocrx_word' id='word_1_367' title='bbox 1088 2919 1165 2958; x_wconf 79' lang='lat' dir='ltr'>iam</span> <span class='ocrx_word' id='word_1_368' title='bbox 1191 2932 1251 2969; x_wconf 81' lang='lat' dir='ltr'>ap.</span> <span class='ocrx_word' id='word_1_369' title='bbox 1265 2917 1393 2956; x_wconf 77' lang='lat' dir='ltr'>Plaut.</span> <span class='ocrx_word' id='word_1_370' title='bbox 1407 2915 1484 2955; x_wconf 81' lang='lat' dir='ltr'>Cio.</span> <span class='ocrx_word' id='word_1_371' title='bbox 1496 2914 1604 2954; x_wconf 79' lang='lat' dir='ltr'>Suet.</span> <span class='ocrx_word' id='word_1_372' title='bbox 1622 2913 1830 2952; x_wconf 79' lang='lat' dir='ltr'>invenitur.</span> 
     </span>
    </p>
   </div>
  </div>
 </body>
</html>
