1878 3242
316 167 401 210 346
969 169 1013 206 A.
1038 168 1184 206 Werthz

318 282 357 318 iu
395 280 465 318 der
501 278 789 329 Volkssprache
825 291 923 328 ganz
960 281 1204 329 gewtihnlich
1241 293 1422 331 gewesen
1458 277 1573 320 sein’.
1623 281 1848 321 structuras

320 338 612 376 enuntiatorum
639 337 912 387 hypotheticas
937 338 1024 378 coll.
1045 334 1103 378 11²
1123 340 1205 378 713
1220 351 1278 388 sq.
1320 339 1377 377 Cf.
1398 339 1517 378 etiam
1537 338 1584 379 H.
1605 340 1731 389 Blase,
1755 336 1849 378 ‘Zur

321 396 470 446 Syntax
501 396 570 434 der
601 395 960 445 Bodingungssctze
996 397 1051 435 im
1081 393 1387 436 Lateinischen'.
1436 396 1581 436 Comm.
1611 397 1652 436 in
1682 398 1770 437 hon.
1801 397 1847 437 G.

322 454 594 502 Strrdemundi,
621 454 875 504 Argentorati
902 455 1026 506 1889,
1051 469 1087 504 p.
1108 456 1293 495 47—57.

441 511 568 550 Simili
594 514 726 550 autem
751 511 909 550 licentia
933 513 1129 552 interdum
1149 514 1326 552 futurum
1346 516 1525 552 exactum
1544 527 1612 564 pro
1632 514 1759 564 priore
1781 518 1851 554 aut

324 583 393 620 pro
418 570 615 619 praesenti
641 570 862 618 adhibetur,
883 572 944 608 ut:
973 574 1056 611 110
1075 575 1116 611 ut
1134 573 1286 620 quivero
1295 566 1340 624 l)‚
1360 572 1561 616 blaterabo,
1582 574 1666 612 200
1685 575 1852 621 quotiens

314 630 540 677 pulsaverit,
558 629 722 676 perficit,
753 630 861 667 1209
888 631 1038 676 quando
1062 631 1199 669 residet
1224 633 1257 668 et
1281 659 1289 669 .
1316 661 1323 669 .
1351 660 1359 668 .
1382 632 1640 679 yeminaverit,
1665 632 1850 671 reddetur.

322 687 379 725 Cf.
405 687 548 736 Draeg.
570 681 627 724 II8
655 688 735 725 713
758 698 838 736 sqq.
894 686 1032 737 Itaque
1071 701 1158 727 cum
1191 700 1262 738 pro
1293 688 1539 727 coniunctivo
1569 689 1696 727 futuri
1727 690 1853 728 exacti

321 745 590 784 coniunctivus
615 745 779 793 perfecti
803 749 992 795 ponatur,
1017 747 1136 785 etiam
1162 747 1224 785 hic
1248 746 1445 785 interdum
1470 759 1540 796 pro
1566 748 1763 796 praesenti
1788 762 1852 797 po-

319 804 427 842 nitur
452 806 512 842 ut:
552 801 655 852 [600
685 806 727 842 ut
756 804 805 842 sit
829 802 889 841 At
924 804 955 842 I
966 805 1002 844 V
1027 817 1099 853 pes
1131 808 1165 843 et
1192 805 1281 844 inde
1309 816 1441 844 versus
1465 808 1588 844 ortum
1616 805 1854 856 sumpserit],

321 863 404 901 736
437 863 502 909 qui
531 862 753 909 sequondi
784 863 922 900 rectius
946 864 1062 902 scribi
1085 866 1243 911 putant,
1273 865 1308 902 si
1324 865 1440 911 prius
1458 876 1480 911 q
1502 864 1727 903 collocarint.
1765 864 1855 903 Sae-

321 921 408 970 pius
434 922 567 958 autem
592 919 753 958 difficile
778 922 840 958 est
863 919 970 959 dictu
990 922 1167 960 futurum
1188 924 1368 960 exactum
1387 934 1437 960 an
1456 922 1746 961 coniunctivum
1765 935 1851 972 per-

320 978 414 1017 fecti
439 978 700 1016 Terentianus
724 978 908 1027 posuerit.
945 979 1080 1018 Solum
1105 993 1175 1029 per
1200 991 1241 1018 se
1266 980 1443 1018 futurum
1469 982 1648 1019 exactum
1673 981 1734 1019 his
1759 981 1854 1020 locis

321 1039 417 1075 stat:
439 1038 523 1075 850
537 1048 722 1075 consonas
732 1047 807 1084 per
825 1048 952 1076 omncs
969 1039 1026 1076 ire
1044 1039 1123 1076 iam
1142 1049 1244 1076 nunc
1261 1039 1343 1076 ideo
1361 1039 1468 1077 nobis
1480 1040 1604 1077 visum
1623 1041 1693 1078 crit
1711 1040 1855 1078 consul-

321 1097 396 1134 tius
414 1097 454 1133 et
469 1097 579 1134 2529
594 1095 721 1133 videro
734 1096 769 1133 si
780 1095 917 1133 novelli
936 1108 1067 1135 versus
1087 1098 1158 1134 erit
1167 1099 1312 1144 poetae.
1339 1096 1415 1135 Sed
1434 1096 1508 1135 hae
1528 1097 1715 1136 dictiones
1734 1098 1854 1136 tritae

321 1156 445 1201 erant,
470 1155 516 1191 ut
540 1152 726 1203 Ciceroni,
752 1152 799 1191 cf.
826 1153 969 1202 Draeg.
989 1154 1008 1193 1
1029 1155 1111 1193 284
1123 1166 1208 1204 sqq.
1256 1154 1392 1204 Neque
1425 1157 1557 1194 tamen
1581 1155 1709 1194 verbis
1733 1155 1855 1195 Drac-

321 1211 417 1262 geri,
443 1212 509 1261 qui
533 1225 568 1260 p.
592 1212 673 1250 286
699 1211 916 1250 contendit:
943 1208 1023 1250 ‘Im
1050 1214 1234 1261 spateren
1257 1212 1397 1251 Latein
1424 1213 1519 1251 wird
1545 1213 1652 1252 diese
1676 1213 1854 1253 Erschei-

322 1283 430 1320 nung
453 1269 593 1308 immer
613 1265 805 1308 seltener'
824 1269 940 1309 nimis
960 1270 1160 1309 fidendum
1179 1273 1251 1309 est.
1282 1271 1384 1309 Nam
1406 1283 1492 1310 cum
1513 1271 1596 1321 ipse
1615 1271 1694 1311 tria
1713 1272 1855 1321 Apulei

322 1329 500 1378 exempla
524 1327 685 1377 adiciat,
710 1327 835 1366 Ebert
859 1341 893 1377 p.
916 1330 966 1367 31
985 1340 1041 1378 sq.
1067 1342 1207 1368 novem
1232 1329 1439 1367 Frontonis
1465 1332 1588 1381 certa,
1613 1342 1754 1370 novem
1778 1342 1855 1370 non

321 1386 378 1425 ita
403 1386 510 1425 clara
534 1386 741 1435 congessit.

438 1444 514 1484 Pro
544 1445 718 1494 perfecto
748 1444 980 1484 insolentius
1013 1457 1197 1495 praesens
1228 1446 1538 1485 coniunctionem
1562 1450 1768 1495 postquam
1793 1460 1852 1486 se-

322 1503 455 1553 quitur
478 1503 519 1541 in
537 1516 572 1542 v.
594 1504 637 1542 5:
668 1505 871 1551 postquam
895 1506 1069 1543 accedere
1093 1506 1239 1543 senium
1257 1505 1365 1544 videt.
1414 1504 1660 1554 Quamquam
1685 1506 1851 1555 optimo-

322 1575 409 1600 rum
428 1562 662 1611 scriptorum
682 1562 859 1611 exempla
879 1574 956 1601 non
976 1563 1127 1610 desunt,
1149 1563 1195 1602 cf.
1215 1563 1358 1613 Draeg.
1373 1558 1429 1601 11²
1447 1564 1528 1602 583
1549 1557 1668 1616 (adde
1686 1559 1724 1602 12
1737 1560 1854 1614 233).

323 1619 432 1658 Idem
460 1619 626 1669 singulis
651 1620 748 1658 locis
768 1620 915 1659 Fronto
941 1623 980 1659 et
1000 1621 1150 1660 Gellius
1176 1621 1418 1660 admiserunt
1441 1615 1509 1674 (cf.
1531 1621 1653 1660 Ebert
1671 1636 1709 1672 p.
1730 1618 1854 1674 36).²)

442 1677 674 1717 Consecutio
693 1690 810 1727 quam
825 1691 1009 1718 vocamus
1028 1681 1250 1729 temporum
1270 1680 1397 1718 solum
1411 1680 1530 1718 verbo
1549 1681 1648 1727 foret
1665 1680 1855 1719 laeditur:

325 1738 375 1775 21
401 1737 504 1785 liyat,
529 1737 621 1775 dum
644 1738 693 1775 sit
710 1738 876 1784 funiculi
898 1739 1044 1782 modus,
1063 1741 1178 1786 aptus
1201 1739 1267 1786 qui
1282 1740 1397 1786 puteo
1415 1738 1522 1786 foret,
1551 1739 1661 1778 2435
1681 1740 1747 1778 scd
1764 1741 1856 1787 quia

322 1796 469 1834 videtur
499 1796 601 1834 alius
631 1798 718 1833 ante
746 1797 966 1843 praeditus,
999 1807 1132 1835 versus
1161 1799 1203 1835 ut
1224 1797 1284 1835 hic
1308 1797 1446 1844 epodus
1470 1797 1574 1835 illius
1597 1798 1710 1844 foret,
1742 1793 1856 1848 (Keil

324 1854 525 1904 Micyllum
547 1855 703 1891 secutus
721 1857 764 1892 ut
781 1865 914 1893 versus
931 1855 991 1893 hic
1009 1855 1177 1904 scripsit,
1196 1854 1263 1893 sed
1284 1854 1389 1894 vocis
1407 1866 1540 1893 versus
1557 1855 1684 1893 altera
1701 1851 1856 1906 syllaba

320 1924 392 1962 per
417 1923 459 1950 se
482 1912 601 1961 longa
626 1907 714 1964 est).
760 1910 897 1961 [Recte
923 1925 1001 1951 non
1025 1914 1205 1951 servatur
1231 1914 1313 1952 722
1339 1914 1381 1951 in
1404 1924 1523 1951 unam
1541 1926 1563 1961 q
1582 1914 1755 1952 redactae
1773 1925 1855 1952 con-

318 1972 506 2018 yruerunt
522 1971 697 2014 litteram,
712 1972 837 2018 portio
856 1973 898 2008 ut
915 1983 1017 2009 nunc
1029 1972 1269 2010 consonantis
1280 1983 1307 2009 u
1319 1972 1441 2010 videri
1452 1973 1590 2010 rectius
1604 2002 1612 2009 .
1627 2001 1635 2010 .
1650 2003 1657 2010 .
1674 2001 1683 2010 .
1695 1970 1853 2021 debeat]

323 2022 538 2080 Gellium³)
564 2028 684 2066 octies
709 2028 837 2078 legem
863 2029 1051 2079 migrasse
1075 2030 1193 2078 atque
1220 2030 1336 2067 etiam
1357 2024 1625 2081 Vitruvium⁴)
1650 2030 1722 2068 hac
1747 2030 1787 2068 in
1812 2043 1854 2068 re

323 2098 539 2125 sermonem
565 2085 761 2135 plebeium
787 2099 864 2125 non
889 2086 1156 2126 dissimulasse
1181 2087 1388 2126 admonere
1414 2088 1509 2126 satis
1535 2088 1668 2126 habeo.

437 2144 496 2182 De
528 2144 652 2182 modis
685 2147 815 2183 autem
848 2142 1062 2184 notandum
1094 2148 1154 2184 est
1185 2147 1360 2186 veterem
1391 2146 1555 2186 Romani
1587 2146 1736 2196 ingenii
1766 2159 1855 2197 pro-

322 2202 542 2253 prietatem,
562 2215 640 2252 qua
664 2203 918 2252 postulabant
936 2206 982 2242 ut
1006 2215 1272 2254 quaecumque
1296 2204 1347 2243 ab
1370 2204 1503 2254 aliqua
1522 2204 1716 2243 sententia
1735 2217 1854 2243 enun-

321 2261 420 2300 tiata
445 2261 660 2310 penderent
690 2273 828 2310 reapse
861 2261 1029 2312 pendere
1061 2262 1369 2312 significaretur,
1399 2274 1477 2302 non
1507 2274 1592 2301 esse
1618 2262 1854 2302 Terentiani.

321 2320 422 2358 Nam
447 2331 535 2358 cum
560 2319 630 2368 illi,
656 2320 812 2358 etiamsi
842 2321 944 2359 ratio
968 2320 1223 2361 indicativum
1248 2320 1479 2370 postularet,
1499 2332 1615 2371 saepe
1639 2321 1854 2360 coniuncti-

321 2391 412 2417 vum
431 2390 501 2427 per
519 2377 846 2417 adsimilationem
868 2379 1062 2429 quandam
1082 2379 1284 2419 modorum
1298 2382 1501 2429 ponerent,
1521 2378 1791 2429 Terentianus,
1811 2382 1856 2418 ut

321 2436 477 2475 omnino
503 2436 788 2475 sententiarum
811 2449 954 2476 nexum
978 2438 1099 2487 laxat,
1123 2437 1164 2476 in
1182 2437 1358 2476 oratione
1383 2437 1543 2487 obliqua
1564 2449 1854 2487 nonnumquam

321 2494 575 2533 indicativum
606 2495 780 2545 praefert
811 2498 930 2545 atque
967 2496 1087 2535 etiam
1111 2495 1396 2546 interrogativa
1426 2495 1630 2535 enuntiata
1665 2495 1857 2535 indirecta

323 2553 523 2592 interdum
543 2566 614 2603 per
632 2553 887 2593 indicativum
901 2554 1027 2602 effert,
1046 2566 1123 2604 qua
1141 2554 1299 2592 licentia
1317 2554 1469 2592 nullum
1488 2553 1634 2593 certius
1652 2553 1857 2593 cottidiani

321 2614 390 2649 aut
426 2612 672 2690 neglegentis
703 2612 891 2651 sermonis
923 2612 1107 2651 indicium
1133 2607 1315 2665 exstat⁶).
1345 2610 1466 2651 Cuius
1490 2612 1546 2651 rei
1565 2612 1743 2662 exempla
1765 2625 1856 2652 non-

439 2725 474 2767 1)
500 2723 677 2758 Similiter
708 2724 866 2768 optimus
898 2722 1051 2770 quisque
1077 2724 1206 2759 auctor
1231 2727 1402 2769 potuero,
1424 2723 1566 2759 voluero
1591 2723 1665 2758 alia
1691 2722 1853 2769 scripsit·

323 2769 366 2804 ef
395 2769 577 2860 Drgfffig
598 2773 743 2852 2esrgecto
770 2817 866 2860 quod
892 2819 1026 2852 vocant
1051 2815 1236 2855 ulterioris
1261 2815 1360 2852 modi
1387 2828 1418 2852 v.
1444 2815 1539 2851 infra
1562 2827 1598 2861 p.
1618 2818 1697 2851 363.

436 2864 471 2904 3)
499 2862 554 2898 Cf.
613 2874 678 2907 org
680 2872 768 2908 esp
771 2866 854 2899 .44.
950 2865 986 2907 4)
1011 2862 1064 2899 cf.
1091 2862 1221 2899 Eberh.
1274 2865 1341 2899 art.
1360 2861 1395 2897 11
1418 2873 1452 2908 p.
1475 2866 1528 2897 11.

435 2909 471 2954 5)
496 2908 548 2945 Cf.
574 2874 768 2954 Reblgiugp
759 2921 792 2955 p.
817 2913 867 2953 11,
895 2908 1021 2955 Reisig
1045 2912 1064 2953 ς
1087 2913 1152 2946 129
1180 2911 1219 2945 et
1280 2908 1371 2946 uasii
1397 2909 1479 2946 adn.
1500 2911 1580 2945 504.
