1878 3242
538 125 593 162 De
619 122 834 161 Terentiani
859 120 1026 160 sermone
1052 123 1090 158 et
1113 122 1248 159 aetate.
1584 119 1672 162 373

228 234 349 278 Sicut
374 251 491 289 saepe
516 238 677 288 legitur.

228 293 360 337 Simul
386 310 505 349 saepe
523 298 656 338 verbis
683 297 854 346 additur,
880 309 981 347 quae
1002 297 1111 335 sunt:
1139 307 1216 334 esse
1236 295 1395 334 condere
1417 295 1555 334 habere
1572 296 1672 343 fieri,

108 360 156 397 ut
182 358 295 397 2302
329 360 456 397 cretici
490 361 565 397 tres
597 358 785 407 syllabae,
822 358 880 396 bis
909 368 975 396 sex
1007 357 1128 395 iambi
1158 356 1373 404 quindecim
1403 356 1505 402 fiunt
1534 355 1673 402 simul,-

109 418 248 456 oadem
291 418 490 468 particula
534 430 653 468 saepe
690 417 824 457 verbis
866 417 1030 466 iugandi
1075 416 1260 464 iumyendi
1302 416 1451 464 liyandi
1494 415 1675 464 sequendi

108 474 296 517 miscendi
321 477 493 516 additur.
542 477 667 516 Simul
693 480 727 515 et
752 478 838 516 260
864 479 905 515 et
932 477 1045 515 1266
1071 475 1242 526 legitur3
1276 475 1413 524 itaque
1439 475 1508 526 qui
1534 487 1674 515 versus

109 539 204 587 post
222 551 258 577 v.
279 538 364 576 264
391 536 548 588 excidit,
573 537 745 577 fortasse
771 536 828 576 sic
847 536 1024 586 suppleri
1043 536 1197 586 potest:
1224 538 1257 573 et
1285 534 1390 584 βῆτα
1409 535 1558 574 labellis
1575 536 1675 583 fieri,

109 596 162 645 μῦ
187 598 304 635 simul
328 600 363 635 et
386 596 446 636 πῖ.

228 652 302 695 Sin
329 657 456 696 1491.

229 710 442 765 Siquidem
473 728 562 754 cum
588 715 703 754 indic.
734 716 866 766 1499,
903 716 1036 763 2126,
1074 715 1198 754 2552.
1250 713 1309 754 Cf.
1334 713 1532 766 Paucker,
1560 713 1674 753 Subr.

114 777 234 814 scrut.
253 775 295 813 in
321 776 358 814 h.
379 788 433 815 v.:
468 771 680 824 ‘Siquidem
705 776 791 814 loco
817 775 986 814 causalis
1013 774 1300 814 coniunctionis
1325 774 1529 813 interdum
1553 774 1633 813 iam
1653 787 1678 812 a

113 833 301 874 Cicerone
345 834 526 874 adhibita
569 834 712 874 deinde
749 835 878 885 magis
915 834 1122 884 magisque
1159 834 1201 872 in
1237 833 1438 873 notionem
1477 834 1678 873 causalem

26 922 29 927 ,
109 894 286 934 transiit.
336 894 502 945 Proprie
533 894 791 934 indicativum
818 894 939 944 regit,
975 893 1046 933 sed
1070 906 1144 933 usu
1169 893 1437 945 posteriorum
1463 893 1571 932 omni
1595 893 1679 932 fere

112 954 339 994 discrimine
365 954 523 993 sublato
550 955 673 993 etiam
698 967 787 992 cum
806 954 904 993 coni.
925 953 1180 993 construitur.
1225 953 1418 1003 Exempla
1436 953 1680 992 coniunctivi

114 1026 231 1065 quem
256 1013 336 1053 iam
355 1013 456 1052 Plin.
475 1014 524 1053 N.
544 1013 593 1053 H.
616 1015 655 1065 7,
676 1015 726 1052 11
749 1013 873 1052 habet
897 1012 1005 1063 apud
1024 1013 1237 1062 scriptores
1257 1013 1449 1052 historiae
1468 1013 1679 1062 Augustae

113 1073 211 1114 satis
237 1074 378 1113 crebra
404 1069 525 1113 sunt?
576 1072 635 1111 Cf.
656 1073 777 1112 etiam
803 1072 982 1112 Schmalz
1009 1084 1069 1122 ap.
1091 1072 1159 1112 Iw.
1180 1072 1232 1111 M.
1251 1067 1310 1110 Π2
1333 1073 1431 1121 528,
1452 1070 1479 1122 ἓ
1494 1074 1592 1112 306.

230 1129 348 1179 Sive,
375 1133 423 1172 cf.
441 1145 519 1172 seu.

232 1188 373 1232 Solum
399 1192 630 1233 adverbium
654 1205 735 1231 non
759 1192 920 1244 legitur,
947 1193 1017 1231 sed
1036 1192 1277 1232 adiectivum
1297 1189 1402 1232 solus
1419 1193 1494 1231 hoc
1515 1205 1679 1231 munere

115 1252 315 1304 fungitur,
342 1253 390 1291 cf.
410 1267 448 1303 p.
470 1254 553 1291 323
574 1253 612 1292 h.
631 1253 657 1291 1.

233 1308 388 1351 Statim
415 1313 518 1363 328,
543 1313 641 1351 420.

232 1366 415 1411 Subinde
443 1367 488 1423 1)
510 1388 566 1402 =
578 1371 741 1420 posthac
768 1372 894 1421 2190,
922 1372 1055 1421 2295,

446 1425 490 1485 2)
513 1447 567 1462 =
588 1426 788 1470 ‘souvent’
818 1432 948 1479 2549,
977 1432 1104 1469 2889.

234 1491 372 1530 Priore
398 1490 625 1542 significatu
649 1491 747 1529 haec
767 1503 843 1529 vox
862 1490 942 1529 iam
961 1503 1022 1540 ap.
1043 1490 1128 1529 Liv.
1149 1490 1364 1541 invenitur,
1391 1491 1505 1542 alter,
1531 1492 1600 1541 qui
1620 1494 1680 1530 est

116 1551 254 1600 rarior,
278 1550 452 1602 primum
476 1563 540 1601 ap.
558 1550 662 1589 Vell.
682 1551 830 1600 exstat,
855 1550 896 1588 iu
921 1549 1040 1600 Apul.
1059 1551 1154 1589 met.
1174 1550 1335 1600 septies.
1383 1549 1441 1590 Cf.
1461 1551 1530 1590 Iw.
1551 1551 1604 1590 M.
1623 1546 1682 1589 11²

118 1625 156 1662 p.
177 1611 275 1659 554,
295 1608 390 1659 §41
419 1612 459 1648 et
482 1609 635 1649 Becker
659 1623 696 1659 p.
719 1611 784 1649 35.

238 1665 339 1708 'Pam
359 1670 442 1708 346
464 1672 543 1708 iam
557 1670 745 1718 plurima,
766 1669 814 1708 cf.
828 1682 865 1718 p.
883 1670 966 1708 323
984 1681 1040 1719 sq.
1055 1669 1093 1707 h.
1107 1669 1150 1722 1.;
1182 1671 1267 1708 320
1286 1671 1443 1709 intentio
1456 1673 1536 1709 tam
1550 1672 1684 1719 leyenti

120 1731 225 1770 debet
243 1740 322 1768 esse
340 1741 457 1778 quam
474 1730 551 1777 fuit
568 1730 677 1768 nobis
696 1740 861 1777 quaqua
883 1732 962 1767 tam
979 1749 1028 1755 ——
1046 1741 1163 1776 quam
1175 1742 1248 1779 pro
1262 1741 1339 1768 non
1351 1731 1484 1769 minus
1500 1751 1549 1756 -—
1567 1742 1685 1778 quam

0 1777 20 1789 ⁸
121 1790 242 1829 etiam
274 1789 381 1838 apud
407 1787 552 1827 Gaium
585 1791 624 1827 et
649 1788 823 1838 reliquos
850 1787 969 1827 lotos
1002 1788 1221 1840 invenitur,
1255 1789 1303 1830 cf.
1323 1789 1445 1828 etiam
1464 1790 1533 1829 Iw.
1553 1790 1604 1828 M.
1625 1784 1685 1828 11²

122 1850 220 1899 502,
246 1845 272 1896 g
296 1849 378 1887 255
394 1860 450 1898 sq.

239 1902 391 1946 Tamen
416 1908 651 1957 plerumque
677 1920 753 1946 non
779 1907 893 1946 initio
920 1908 1220 1946 enuntiatorum
1244 1908 1408 1958 ponitur
1428 1910 1473 1947 ut
1497 1909 1564 1960 38,
1587 1910 1684 1958 475,

124 1969 225 2016 593,
253 1968 356 2018 748,
384 1968 486 2017 933,
515 1969 647 2018 1518,
676 1968 807 2019 1604,
836 1968 968 2018 1702,
998 1968 1124 2019 2208,
1152 1969 1285 2019 2388,
1310 1969 1377 2007 sed
1402 1972 1530 2008 tamen
1559 1970 1685 2018 1279,

125 2028 251 2075 2132,
278 2030 312 2065 et
335 2029 462 2066 tamen
489 2028 585 2067 754.

242 2081 467 2136 Tamquam
498 2086 735 2136 particulam
759 2086 801 2124 in
827 2098 1008 2125 sermone
1034 2087 1194 2137 vulgari
1218 2087 1338 2137 primi
1363 2101 1401 2137 p.
1423 2087 1515 2127 Chr.
1535 2101 1572 2127 n.
1599 2100 1686 2127 sae-

125 2146 203 2185 culi
235 2145 426 2184 usitatam
459 2146 583 2185 fuisse
620 2159 640 2184 e
672 2146 860 2185 Petronio
893 2146 1164 2196 cognoscitur,
1200 2146 1269 2185 sed
1295 2159 1319 2185 a
1343 2147 1482 2186 multis
1509 2159 1609 2187 saec.
1634 2147 1686 2186 II.

129 2204 387 2255 scriptoribus
417 2205 538 2244 vitari
570 2218 692 2255 supra
722 2205 764 2243 in
795 2218 829 2244 v.
851 2207 964 2253 quasi
989 2205 1162 2255 ostendi;
1194 2217 1256 2255 ap.
1277 2206 1563 2245 Terentianum
1589 2208 1687 2256 285,

130 2265 256 2315 2305,
276 2264 403 2313 2501,
425 2265 553 2313 2546,
574 2266 687 2304 2553
708 2264 868 2314 legitur,
889 2267 1097 2314 praeterea
1111 2266 1245 2304 2651:
1266 2268 1356 2304 sunt
1367 2267 1433 2314 qui
1446 2267 1688 2310 tradiderint,

131 2323 269 2362 ultima
298 2325 427 2362 versui
451 2326 647 2372 tamquam
672 2326 916 2372 pentametro
940 2324 1091 2373 syllaba
1117 2325 1268 2374 dempta
1293 2326 1361 2369 sit,
1393 2325 1441 2364 de
1468 2338 1544 2376 quo
1571 2338 1688 2365 versu

133 2393 254 2432 supra
272 2394 307 2431 p.
323 2382 406 2421 351
433 2382 623 2421 conferas.

249 2435 428 2479 Tantum
460 2442 685 2481 nominibus
721 2443 762 2480 et
797 2442 1053 2492 praeponitur
1083 2444 1125 2482 et
1158 2443 1427 2494 postponitur,
1475 2445 1690 2496 utrumque

133 2499 238 2550 apud
263 2499 362 2539 alios
387 2511 544 2550 quoque
569 2500 782 2550 scriptores
808 2513 926 2551 saepe
952 2501 1165 2541 invenitur.

250 2553 364 2597 'l'uno
397 2558 554 2608 saepius
578 2559 620 2598 ni
644 2559 763 2598 fallor
789 2573 908 2610 quam
932 2557 1023 2599 tum
1048 2562 1226 2613 ponitur,
1258 2564 1299 2600 et
1323 2561 1364 2600 in
1389 2564 1690 2603 enumeratione

132 2631 265 2658 rerum
297 2621 338 2657 et
368 2630 457 2656 cum
489 2620 658 2667 quotiens
689 2620 840 2667 quando
876 2632 962 2658 cum
986 2621 1065 2659 alia
1090 2621 1339 2671 respondent.
1391 2621 1692 2672 Supervacuum

133 2680 194 2717 est
220 2678 350 2717 1735:
382 2678 417 2716 εἰ
439 2679 570 2726 primo
601 2679 790 2727 spondeus
822 2681 908 2723 erit,
941 2683 1020 2718 tum
1044 2681 1220 2729 dactylus
1246 2682 1354 2720 alter.
1404 2681 1632 2722 Particulae
1657 2685 1692 2723 si

133 2740 180 2776 ut
197 2750 259 2788 ap.
279 2736 408 2776 Plaut.
430 2736 517 2775 Ter.
539 2736 616 2776 Cic.
637 2737 685 2776 al.
707 2738 919 2788 respondet
941 2740 1070 2778 1615:
1091 2741 1126 2778 si
1138 2741 1252 2789 prior
1271 2738 1314 2779 in
1330 2742 1505 2789 yeminas
1523 2739 1693 2781 solvetur

135 2797 248 2846 lonya
288 2798 474 2848 minores,
518 2800 598 2835 ium
634 2809 705 2845 pes
747 2801 916 2836 recurret
952 2795 1102 2847 dactylo
1140 2802 1365 2839 contrarius.
1436 2801 1544 2851 Ergo
1586 2802 1693 2852 quod
1739 2803 1742 2805 ’

135 2855 314 2895 Schmalz
344 2868 406 2905 ap.
425 2855 493 2894 Iw.
513 2856 565 2894 M.
584 2851 644 2894 ΙΙ2
664 2858 766 2906 522,
793 2855 819 2906 ξ
840 2858 924 2896 295
958 2857 1073 2897 dixit:
1114 2853 1253 2898 ‘Diese
1285 2859 1362 2899 Art
1394 2860 1464 2899 der
1489 2860 1691 2901 Wechsel-

137 2914 353 2966 beziehung
386 2913 475 2965 [hat
506 2915 589 2955 sich
621 2915 681 2955 bis
714 2929 782 2955 zur
813 2917 1120 2967 augusteischen
1147 2918 1232 2957 Zeit
1256 2920 1438 2959 erhalten
1464 2918 1563 2971 und]
1590 2921 1689 2963 wird

1338 2986 1410 3022 25*
