1942 3262
496 202 552 240 De
577 200 792 239 Terentiani
817 211 983 239 sermone
1009 200 1048 238 et
1073 200 1210 237 aetate.
1548 194 1633 239 301

827 361 884 406 ΙΙ.

642 459 727 508 DE
767 458 1081 507 SERMONE.

703 571 1004 609 Prooemium.

200 652 362 692 Saeculo
386 654 478 703 post
498 651 589 691 Chr.
608 666 647 693 n.
668 653 840 692 secundo
866 653 973 691 artes
1000 652 1129 701 magis
1155 651 1365 702 magisque
1389 650 1639 689 labebantur.

81 713 185 751 Nam
210 725 449 763 quamquam
481 711 681 763 prioribus
713 712 958 763 principibus
991 711 1218 750 crudelibus
1253 711 1342 750 boni
1376 711 1637 759 imperatores

82 774 355 811 successerant
379 773 421 810 et
445 773 628 822 tempora
651 772 760 810 laeta
784 773 904 821 atque
940 783 1079 810 secura
1104 771 1210 809 facta
1236 772 1368 820 erant,
1393 772 1526 808 tamen
1559 768 1641 819 pri-

82 831 187 871 stina
212 831 333 870 elatio
360 833 400 870 et
419 831 652 881 magnitudo
674 831 895 870 animorum
914 843 994 870 non
1012 831 1331 870 revertebantur.
1365 829 1442 868 Sed
1462 828 1496 868 si
1516 829 1641 867 solam

82 890 435 940 iurisprudentiam
461 891 693 942 excipimus,
726 903 861 929 omnes
893 892 999 929 artes
1027 893 1068 929 et
1099 890 1326 928 litterarum
1355 888 1489 928 studia
1513 888 1641 938 magis

82 951 292 1001 magisque
317 950 470 989 sterilia
494 949 645 989 fiebant
669 963 797 1000 neque
822 949 1003 989 homines
1033 949 1212 999 priorum
1245 949 1367 999 copiis
1403 948 1642 998 scriptorum

83 1009 219 1048 satiati
244 1010 456 1060 quicquam
482 1022 528 1047 ex
554 1021 595 1047 se
621 1009 822 1056 creabant,
848 1009 969 1048 immo
995 1009 1092 1048 adeo
1118 1009 1308 1047 hebetata
1328 1007 1493 1057 ingenia
1514 1010 1641 1058 erant,

81 1072 127 1108 ut
139 1069 288 1108 Fronto
307 1069 374 1107 ille
393 1068 494 1107 aridi
514 1069 631 1107 homo
652 1069 771 1106 animi
791 1069 983 1107 maximae
1005 1067 1238 1118 aequalibus
1253 1067 1504 1106 admirationi
1524 1069 1640 1106 esset.

201 1126 402 1167 Orationis
428 1130 562 1167 autem
588 1128 718 1178 qualis
744 1140 790 1167 ea
825 1129 957 1182 aetate
989 1127 1166 1166 condicio
1199 1127 1322 1165 fuerit
1355 1126 1391 1165 si
1423 1126 1641 1177 quaeritur,

82 1188 162 1226 iam
187 1187 422 1237 displicebat
446 1187 563 1237 primi
588 1201 626 1237 p.
647 1187 738 1227 Chr.
757 1200 796 1227 n.
816 1188 966 1226 saeculi
992 1187 1120 1236 stilus,
1146 1199 1274 1236 neque
1300 1188 1438 1224 tamen
1463 1186 1514 1224 ad
1542 1186 1642 1235 opti-

82 1259 167 1286 mos
193 1247 407 1297 scriptores
434 1259 476 1285 se
501 1247 760 1298 revocabant,
786 1247 854 1286 sed
879 1247 1053 1297 priscam
1079 1247 1299 1285 orationem
1325 1245 1550 1284 imitatione
1577 1258 1640 1283 ex—

82 1306 309 1357 primebant
345 1308 465 1357 atque
498 1318 545 1344 ex
576 1306 740 1345 remotis
773 1306 941 1345 saeculis
973 1306 1098 1346 verba
1135 1305 1405 1355 dictionesque
1440 1305 1643 1356 petebant,

84 1365 227 1417 quibus
254 1377 477 1405 sermonem
500 1366 735 1405 infucarent.

202 1425 342 1474 Neque
366 1426 502 1464 tamen
526 1426 600 1464 hoc
625 1425 792 1464 fortuito
817 1425 970 1464 factum
996 1427 1068 1464 est.
1106 1425 1211 1463 Nam
1237 1437 1327 1464 cum
1351 1425 1432 1463 iam
1458 1426 1577 1464 antea
1596 1437 1644 1463 ex

82 1484 173 1523 aliis
198 1483 411 1533 provinciis
437 1484 648 1523 clarissimi
672 1485 713 1522 in
739 1484 884 1524 litteris
918 1484 1097 1523 homines
1122 1484 1420 1534 provenissent,
1445 1484 1642 1534 imprimis

83 1542 174 1582 inde
199 1543 250 1582 ab
275 1542 390 1582 initio
417 1544 564 1582 saeculi
589 1543 751 1582 secundi
776 1543 911 1582 Africa
941 1544 983 1581 in
1018 1544 1123 1583 omni
1156 1543 1303 1582 artium
1337 1556 1383 1582 ac
1415 1544 1643 1582 litterarum

84 1614 230 1652 genere
255 1601 428 1642 eminere
453 1603 593 1653 coepit,
617 1605 664 1641 ut
687 1603 767 1642 iam
794 1616 817 1642 a
841 1603 1030 1643 Iuvenale
1051 1603 1188 1642 Africa
1212 1604 1409 1642 nutricula
1433 1604 1642 1642 causidico-

84 1673 173 1701 rwm
195 1661 400 1701 nominata
426 1662 490 1701 sit.
531 1662 623 1701 Mox
648 1662 796 1701 Fronto
825 1662 1023 1712 Sulpicius
1049 1663 1294 1713 Apollinaris
1314 1662 1509 1712 Apuleius
1530 1657 1642 1716 (Gela

84 1720 162 1760 lius
173 1715 213 1771 2³)
248 1721 444 1759 Minucius
468 1721 581 1760 Felix
607 1715 667 1775 (?)
701 1721 989 1770 Tertullianus,
1020 1723 1126 1760 inter
1156 1722 1255 1761 iuris
1287 1722 1437 1771 peritos
1463 1721 1643 1761 Iulianus

84 1779 323 1830 Papinianus
345 1774 404 1833 (‘?)
418 1774 452 1834 1)
473 1780 543 1819 alii
567 1781 683 1819 multi
708 1780 949 1831 posteriores
967 1782 1128 1820 natione
1147 1781 1238 1820 Afri
1261 1782 1303 1819 in
1327 1781 1472 1820 fitteris
1499 1782 1641 1820 florue-

85 1841 191 1878 runt.
223 1838 381 1878 Africus
414 1841 549 1878 autem
582 1852 711 1879 sermo
743 1853 822 1879 non
853 1843 936 1879 tam
968 1841 1018 1879 ad
1050 1840 1317 1880 urbanitatem
1350 1841 1528 1880 excultus
1554 1843 1642 1880 erat

85 1909 204 1949 quam
223 1897 438 1949 Romanus,
458 1899 527 1938 sed
552 1900 679 1938 multa
705 1901 746 1938 et
764 1900 886 1939 verba
911 1905 952 1938 et
977 1900 1288 1939 constructiones
1314 1900 1365 1939 ab
1390 1901 1641 1950 elegantibus

86 1957 345 2007 scriptoribus
377 1958 564 1997 Romanis
595 1958 725 1998 vitata
755 1972 885 2010 neque
918 1959 996 1998 nisi
1025 1960 1067 1998 in
1098 1972 1278 1999 sermone
1317 1959 1532 1999 cottidiano
1571 1963 1643 1998 aut

85 2015 242 2067 vulgari
266 2018 424 2056 retenta
449 2017 488 2056 in
513 2017 783 2057 litteratorum
805 2018 995 2058 Afrorum
1016 2032 1083 2058 ore
1110 2014 1279 2072 erant2)‚
1300 2021 1341 2058 et
1364 2021 1523 2068 praeter
1542 2020 1642 2058 alias

84 2076 158 2115 hac
183 2088 302 2115 causa
327 2076 511 2116 effectum
537 2079 610 2129 est,
635 2080 680 2116 ut
706 2078 854 2117 Fronto
883 2078 1045 2128 eiusque
1072 2080 1333 2118 assectatores
1354 2078 1542 2117 Plautum
1563 2079 1641 2117 En-

84 2135 192 2173 nium
219 2133 410 2175 Catonern
435 2136 536 2175 alios
562 2136 797 2176 lectitarent
821 2138 1090 2189 legendosque
1115 2133 1494 2191 commendarent3).

202 2193 300 2233 Post
324 2194 566 2235 Frontonem
593 2199 727 2235 autem
754 2196 948 2246 Apuleius
974 2199 1015 2236 et
1040 2197 1193 2236 Gellius
1225 2197 1435 2236 clarissimi
1467 2198 1643 2249 fuerunt,

84 2253 187 2292 alter
210 2254 347 2294 rhetor
367 2248 428 2308 (et
446 2250 740 2309 philosophus),
761 2256 863 2294 alter
883 2256 1108 2295 litterarum
1129 2257 1271 2296 studiis
1299 2256 1468 2297 deditus.
1499 2257 1658 2307 Itaque

202 2379 238 2425 1)
263 2378 316 2415 ef.
341 2378 452 2421 Kalb.
477 2379 521 2416 R.
540 2380 574 2416 J.
601 2392 636 2426 p.
658 2383 723 2416 111
739 2391 818 2426 sqq.
845 2382 884 2416 et
908 2380 1093 2427 Leipoldii
1119 2382 1165 2417 de
1191 2382 1398 2428 Papiniano
1425 2382 1572 2419 dissert.

195 2429 232 2471 2)
257 2426 388 2472 ltaque
413 2427 538 2462 utrum
565 2437 609 2462 ex
635 2439 788 2473 operum
816 2427 1056 2473 antiquorum
1076 2428 1199 2465 studio
1225 2441 1273 2465 an
1293 2441 1313 2465 e
1339 2440 1507 2465 sermone
1533 2430 1643 2466 cotti-

84 2472 196 2509 diano
226 2473 342 2509 verba
374 2476 564 2520 assumpta
596 2477 686 2519 sint,
719 2486 831 2521 saepe
864 2475 1126 2512 difficillimum
1153 2479 1211 2512 est
1242 2475 1356 2513 dictu.
1408 2477 1643 2522 Quamquam

84 2520 264 2556 nonnulla
294 2521 338 2556 ut
367 2521 434 2557 siet
463 2526 681 2567 coeperimus
711 2523 963 2559 sustulerimus
999 2525 1220 2569 repetundus
1257 2535 1320 2560 ceu
1357 2529 1414 2560 ast
1448 2529 1530 2571 quis
1567 2525 1644 2561 alia

83 2569 212 2613 aperte
235 2577 310 2603 non
334 2579 423 2603 usus
448 2568 649 2604 cottidiani
673 2572 790 2614 erant,
817 2569 893 2605 alia
916 2572 959 2606 ut
983 2571 1104 2606 multa
1128 2572 1361 2607 substantiva
1386 2572 1425 2607 in
1450 2573 1532 2617 -tio,
1555 2577 1641 2617 —tus,

83 2618 175 2659 -ιον,
200 2614 387 2651 adiectiva
411 2614 450 2650 in
473 2616 588 2661 -bilis,
612 2617 711 2662 -alis,
736 2617 850 2653 verba
874 2617 912 2652 in
936 2629 1020 2654 -are
1045 2617 1267 2664 desinentia,
1294 2618 1445 2663 similia,
1471 2630 1567 2665 quae
1593 2621 1641 2655 ab

83 2672 158 2698 uno
189 2673 337 2708 quoque
361 2662 471 2698 facile
503 2664 631 2700 novari
654 2665 846 2710 poterant,
878 2667 1130 2701 senescentem
1166 2677 1278 2712 saepe
1304 2678 1511 2703 sermonem
1536 2667 1642 2704 redo-

82 2709 184 2754 lent,
215 2720 335 2755 neque
365 2709 480 2745 verba
510 2721 624 2756 prave
654 2712 841 2747 translata
866 2722 961 2757 quae
995 2713 1184 2758 propriam
1209 2713 1399 2750 notionem
1426 2715 1641 2760 amiserunt,

84 2767 128 2792 ex
146 2757 272 2793 vetere
297 2767 464 2793 sermone
485 2758 634 2802 sumpta
653 2759 716 2794 sed
737 2758 957 2804 plerumque
976 2760 1082 2804 vulgi
1101 2772 1168 2796 usu
1189 2762 1352 2797 contrita
1372 2762 1467 2798 sunt.
1500 2762 1642 2798 Tamen

83 2803 300 2849 plerumque
332 2803 426 2840 talia
457 2804 586 2840 sentiri
616 2806 738 2851 magis
770 2817 883 2852 quam
923 2807 1174 2843 demonstrari
1207 2811 1381 2854 possunt,
1419 2813 1461 2845 ut
1497 2821 1643 2846 summa

86 2851 256 2887 cautione
282 2862 374 2897 opus
398 2851 458 2888 sit.

203 2900 239 2943 3)
268 2899 370 2942 Quae
396 2898 522 2945 opinio
548 2899 870 2936 dissertationibus
891 2900 1009 2937 Sittlii
1033 2902 1072 2937 in
1090 2901 1237 2938 libello:
1264 2903 1331 2939 Die
1351 2903 1425 2940 lok.
1447 2904 1640 2941 Verschie-

85 2944 194 2998 denh.
221 2957 251 2982 e.
263 2957 298 2991 q.
311 2958 339 2983 s.
365 2949 504 2991 pp.¹20
531 2948 569 2982 et
595 2950 673 2992 125,
699 2948 885 2994 Leipoldii
911 2961 947 2995 p.
969 2952 1026 2996 2⁷,
1053 2949 1269 2998 Piechottae
1295 2963 1331 2997 p.
1349 2955 1454 2998 lsqq.
1488 2952 1638 2989 Woelff-

83 2990 166 3028 lmii
189 2992 228 3029 in
252 2993 310 3030 W.
332 2995 375 3029 A.
395 2992 465 3029 VII
484 2997 553 3030 470
568 3006 646 3040 sqq.
674 2995 921 3032 confirmatur.
