1878 3242
305 186 389 228 312
726 189 733 195 ’
966 183 1008 220 A.
1027 183 1174 218 Werth:
1876 134 1878 137 ι

304 292 532 335 haesitatio
565 297 647 333 328
683 311 738 325 =
773 296 979 341 dubitatio‚·
1015 293 1110 332 item
1144 293 1218 332 Cic.
1251 293 1339 331 Son.
1365 293 1497 339 Quint.
1528 293 1629 334 Plin.
1657 306 1715 345 op.
1742 295 1833 338 Tae.
1862 296 1878 353 ζ

365 356 479 393 Mart.
504 354 597 402 Cap.
621 353 738 402 Vulg.
769 353 935 403 singulis
959 353 1066 402 locis,
1091 353 1138 390 of.
1165 351 1349 403 Georgos.
1864 347 1871 361 '³

307 409 498 451 intentio.

305 467 483 509 mutatio
512 472 634 508 1603.

306 525 466 567 oooasio
501 530 623 566 1179.

307 584 444 625 oratio
474 588 552 624 277
581 588 621 623 et
645 586 752 624 alibi.
1871 600 1875 603 -

307 641 445 695 portio
474 661 526 674 =
549 656 667 691 pars:
700 645 792 690 188,
822 645 921 689 199,
951 644 1053 692 723,
1082 644 1211 690 1529,
1240 645 1350 682 1715
1379 640 1608 696 (respondet
1633 644 1717 684 voci
1738 652 1837 695 pan
1874 686 1878 687 ⁷

365 704 404 740 in
429 715 465 741 v.
487 698 630 752 1714),
658 703 781 749 1737,
804 703 928 750 2117,
956 703 1081 749 2124,
1108 703 1217 740 2477
1247 697 1398 755 (prima
1430 714 1474 741 ex
1498 704 1663 742 trimetro
1679 699 1836 759 portio),
1876 714 1878 716 ·

367 762 496 806 2579,
533 762 641 798 2761
678 754 828 811 (versus
856 763 1018 807 utraque
1046 755 1213 811 portio),
1244 761 1291 799 cf.
1318 759 1444 799 Krebs
1476 772 1507 799 ε.
1532 761 1568 800 h.
1594 774 1628 801 v.
1660 761 1732 801 sub
1756 762 1835 803 fia:

366 815 431 856 (Ν.
457 819 523 855 Kl.
551 818 645 855 wird
663 820 792 866 portio
816 818 1044 867 uberhaupt
1069 835 1122 848 ==
1141 830 1242 866 pars
1266 815 1511 868 gebraucht'.
1867 828 1869 831 ’

308 872 527 926 productio
557 878 656 926 1253
682 876 818 915 eodem
844 888 959 914 sensu
985 888 1008 914 a
1030 874 1107 914 Cio.
1126 875 1241 915 Varr.
1261 875 1392 922 Quint.
1412 877 1632 916 adhibetur.

309 933 338 983 †
351 931 602 986 progressio,
622 935 727 983 quod
742 934 973 973 vocabulum
989 935 1144 973 omnino
1158 947 1220 972 rar
1228 947 1289 972 um
1304 947 1390 973 esse
1403 935 1570 981 videtur,
1590 935 1838 985 singulariter

371 995 480 1031 1456
508 993 744 1031 translatum
772 994 852 1031 est:
877 993 985 1030 nulla
1010 994 1109 1031 enim
1129 991 1240 1040 (non)
1260 994 1372 1041 lonya
1389 994 1484 1031 solvi
1500 1005 1575 1041 per
1598 995 1696 1033 duas
1713 995 1839 1034 breves

358 1054 499 1099 potest:
547 1052 638 1089 dum
677 1063 745 1089 suo
778 1051 870 1099 pedi
905 1054 1067 1089 reservet
1103 1052 1336 1099 praestituta
1387 1054 1573 1101 tempora,
1607 1052 1838 1101 syllabarum
1874 1087 1876 1090 ,

364 1111 420 1147 nil
444 1110 586 1147 nocebit
609 1110 754 1157 lonqior
770 1110 1000 1157 proyressio.

305 1164 419 1206 ratio
452 1167 607 1216 saepius
646 1167 761 1205 solita
797 1167 1079 1216 significatione
1112 1167 1340 1216 adhibetur,
1378 1169 1478 1206 ratio
1516 1171 1569 1207 est
1602 1168 1836 1208 infinitivum

366 1226 469 1275 regit
497 1227 607 1264 1008
639 1237 704 1263 nec
735 1226 827 1263 mihi
857 1227 955 1263 ratio
987 1229 1040 1264 est
1072 1225 1308 1264 Graecorum
1339 1227 1520 1274 attinyere
1549 1223 1701 1275 κοινάς,
1727 1227 1836 1266 1524

367 1279 444 1321 ἀπ’
474 1281 697 1322 ἐλάεεονοε
718 1315 725 1322 .
748 1314 786 1322 ..
824 1295 976 1322 sensum
1011 1285 1180 1331 quotiens
1215 1285 1393 1322 terminat
1428 1287 1495 1323 aut
1531 1286 1706 1323 carmina
1740 1285 1837 1332 finit,
1875 1291 1878 1293 ’

367 1343 499 1389 lonyas
517 1343 616 1380 rate‘o
636 1345 688 1380 est
705 1353 859 1389 ponere,
884 1354 960 1380 non
979 1343 1106 1380 breves
1123 1343 1166 1379 in
1184 1343 1271 1386 imo,
1289 1354 1361 1390 pes
1377 1345 1420 1380 ut
1437 1344 1578 1391 inteyer
1595 1345 1646 1382 sit
1658 1344 1838 1391 qemeina-s.

366 1399 554 1437 Eiusdem
586 1400 886 1438 constructionis
921 1400 1078 1449 singula
1109 1400 1285 1449 exempla
1315 1413 1336 1438 e
1370 1399 1445 1439 Cic.
1481 1403 1520 1439 et
1552 1401 1642 1440 Tae.
1669 1401 1839 1451 Georges

368 1458 515 1507 adfert,
548 1457 628 1496 Col.
655 1460 808 1496 minime
839 1461 891 1496 est
930 1460 1092 1496 rationis
1124 1470 1211 1496 oum
1236 1458 1341 1496 infin.
1366 1458 1578 1499 coniunxit.
1600 1459 1717 1509 Apud
1741 1458 1840 1499 Gen.

369 1516 486 1554 etia-m
513 1517 711 1554 eonsilium
735 1519 799 1560 est,
824 1518 886 1555 ius
910 1519 975 1559 est,
993 1519 1162 1565 potestas
1187 1519 1240 1555 est
1262 1516 1500 1555 infinitivum
1524 1520 1676 1567 regunt.

981 1616 1023 1651 in
1047 1620 1184 1651 —tas:

308 1690 335 1738 ἦ·
348 1687 590 1740 benignitas
615 1692 747 1730 2045:
781 1693 912 1730 urbem
937 1694 1082 1730 tenuem
1111 1692 1238 1739 fovent
1260 1702 1374 1739 opum
1390 1692 1631 1740 ‘ben-iynitate.

308 1745 500 1787 brevitas
533 1752 633 1799 1813
659 1762 732 1788 vox
757 1752 819 1788 est
843 1750 1001 1789 usitata.

308 1802 538 1845 diversitas
558 1809 655 1857 293,
675 1809 756 1847 365
784 1809 818 1846 d.
838 1809 1085 1856 syllabarum,
1113 1809 1196 1846 392
1221 1810 1353 1846 nostra
1377 1806 1536 1847 Graecis
1560 1820 1646 1846 cum
1663 1809 1767 1847 sonis
1783 1809 1840 1848 di-

366 1867 547 1911 versitas;
578 1865 663 1903 Son.
689 1866 789 1903 rhet.
815 1866 913 1903 Plin.
939 1866 1031 1903 Min.
1057 1865 1186 1910 Quint.
1213 1865 1301 1903 Tac.
1329 1864 1436 1904 Suet.
1460 1866 1563 1905 Flor.
1587 1866 1703 1915 Apul.
1721 1869 1842 1916 postt.

307 1919 519 1961 Latinitas
547 1925 656 1962 1303
682 1924 838 1962 Romul-i
862 1924 1057 1962 Latinitas
1083 1917 1158 1975 (=
1183 1934 1310 1961 sermo
1337 1918 1571 1976 Romanus);
1599 1922 1743 1963 Oornif,
1763 1923 1839 1963 Cic.

309 1977 468 2019 levitas
494 1983 574 2019 281
602 1983 799 2020 modorum
822 1993 961 2020 sonora
985 1982 1138 2027 levitam
1162 1981 1220 2019 ita
1242 1981 1509 2030 probatissimi
1532 1981 1682 2030 soriptt.

309 2036 518 2077 nativitas
538 2041 620 2077 287
642 2041 823 2078 nativitas
842 2036 943 2091 (scil.
962 2033 1217 2091 litterarum),
1247 2040 1331 2078 408
1352 2034 1614 2091 (syllabarum
1629 2050 1690 2078 ωυ
1705 2042 1745 2078 et
1757 2036 1840 2090 ηυ),

370 2099 451 2136 452
478 2094 717 2148 (litterarum
745 2109 764 2136 ε
791 2101 831 2136 et
848 2095 938 2146 ἦτα,
964 2108 988 2136 o
1008 2100 1048 2135 et
1067 2091 1121 2148 ω)
1148 2100 1355 2145 temporum
1378 2101 1563 2136 momenta
1589 2099 1741 2142 distant,
1765 2109 1842 2137 non

368 2158 451 2194 soni
474 2158 666 2194 nativitas.
705 2155 793 2204 Ulp.
807 2155 954 2196 Arnob.
974 2156 1079 2193 Tert.
1094 2155 1252 2194 Hieron.
1271 2154 1381 2194 Oros.
1400 2150 1470 2208 (cf.
1489 2155 1612 2194 lexioa
1635 2157 1677 2194 et
1695 2155 1840 2205 Krebs3

369 2214 561 2261 Paucker,
595 2213 706 2252 Subr.
732 2217 850 2252 scrut.
875 2226 904 2252 s.
931 2227 966 2252 v.
992 2212 1099 2252 Cass.
1126 2213 1206 2251 rel.
1232 2215 1273 2251 et
1298 2212 1402 2251 Cael.
1428 2213 1523 2252 Aur.
1548 2213 1654 2252 locos
1679 2214 1840 2252 addidit.

311 2270 480 2310 novitas
505 2285 577 2310 vox
603 2273 754 2310 usitata
778 2272 934 2321 saepius
958 2271 1158 2310 invenitur
1181 2274 1228 2310 ut
1255 2272 1365 2310 1922
1393 2274 1434 2310 et
1459 2273 1583 2311 2403.

309 2327 499 2380 potestas
525 2346 579 2361 =
606 2333 680 2374 vis,
713 2330 893 2378 Geltwny,
924 2330 1168 2378 Bedeutwny:
1199 2330 1281 2368 545
1314 2333 1457 2377 quanta
1486 2341 1574 2368 vero
1603 2331 1654 2368 sit
1675 2332 1844 2378 potestas

369 2389 529 2436 sinyulis
559 2390 695 2427 iunctis
724 2390 797 2427 sibi
828 2386 928 2440 (soil.
960 2388 1105 2426 litteris
1135 2389 1150 2426 i
1182 2389 1222 2425 et
1246 2385 1308 2438 u);
1346 2388 1512 2426 conferri
1548 2389 1715 2438 possunt
1743 2399 1843 2438 quae

372 2446 546 2496 Georges
572 2459 602 2485 s.
626 2460 664 2485 n.
690 2447 709 2484 Ι
733 2450 773 2485 et
798 2446 924 2484 Krebs
950 2446 1144 2485 adserunt.

314 2501 553 2555 proprietas
586 2507 684 2551 107;
712 2504 790 2544 Cio.
817 2504 901 2543 Liv.
928 2504 1015 2543 Son.
1041 2503 1172 2550 Quint.
1199 2503 1306 2542 Suet.
1332 2502 1431 2542 Gen.
1456 2503 1593 2542 Iustin.
1619 2502 1716 2543 ICti.

311 2559 562 2613 proximitas
590 2565 670 2602 183
691 2567 732 2601 ut
751 2565 882 2610 cuiaue
899 2557 1095 2615 (litterae)
1121 2565 1175 2601 est
1190 2563 1422 2610 proximitas
1445 2562 1516 2601 loci
1538 2563 1686 2608 sonive‚·
1707 2573 1842 2601 vooem

369 2622 525 2670 proprie
550 2619 621 2659 Ov.
646 2623 687 2659 et
705 2621 818 2671 Vitr„
842 2621 1034 2659 translate
1060 2619 1131 2659 Ov.
1151 2620 1283 2666 Quint.
1304 2619 1421 2669 Apul.
1441 2618 1526 2658 ICti
1552 2615 1617 2671 (cf.
1642 2618 1745 2658 Kalb
1763 2615 1842 2672 JL)

371 2679 642 2717 adhibuerunt.

310 2734 504 2775 vetustas
532 2738 643 2776 1580
672 2737 905 2776 hexametros
935 2737 1051 2776 tradit
1076 2738 1222 2785 yenitos
1250 2736 1326 2774 duo
1349 2737 1485 2784 prima
1514 2738 1696 2778 vetustas,
1729 2734 1842 2774 2500

369 2807 477 2842 quem
507 2797 664 2834 credidit
687 2798 850 2834 vetusta-s
871 2824 880 2834 .
899 2824 909 2834 .
929 2824 938 2834 .
980 2795 1210 2834 Saturnium
1241 2794 1474 2840 vocandum
1497 2793 1544 2832 of.
1570 2792 1638 2832 sil.
1663 2791 1682 2830 1
1709 2793 1762 2831 26
1788 2793 1844 2831 sic

370 2853 527 2890 credidit
551 2854 632 2891 alta
655 2856 830 2892 vetustas.

311 2905 543 2959 virginitas
571 2912 681 2949 2155
705 2913 825 2957 florea
849 2923 903 2956 v.,·
929 2910 1006 2949 Cic.
1034 2910 1148 2960 Vorg.
1175 2909 1246 2949 Ov.
1275 2908 1403 2948 Amm.
