1878 3242
462 138 516 174 De
541 136 755 174 Terentiani
780 147 948 172 sermone
976 136 1014 171 et
1038 136 1172 171 aetate.
1508 134 1594 176 319

153 253 230 293 Sed
254 253 353 292 haee
378 251 510 290 omnia
535 251 617 290 fere
638 252 856 290 metrorum
875 249 1034 300 legibus
1054 249 1214 288 coactus
1233 246 1413 298 posuisse
1432 247 1595 287 videtur

35 327 107 366 pro
131 314 230 352 illis:
262 314 481 356 dissonare,
513 311 806 360 conyreyabilis,
831 321 1024 353 reserare,
1049 310 1244 352 dissonus,
1270 308 1461 357 fumidus,
1487 309 1593 353 lima,

27 368 322 424 perscriberel).

155 432 231 471 Sed
258 431 542 470 Terentianum
567 429 761 469 vocabula
785 441 931 468 novare
957 441 1036 467 non
1062 427 1263 467 studuisse
1283 429 1324 466 et
1348 427 1398 466 ab
1419 427 1590 478 Apuleio

36 492 283 531 Tertulliano
293 485 328 545 ²)
367 490 609 540 Hieronymo
647 489 876 538 Augustino
914 488 1032 539 longe
1069 488 1218 526 distare
1260 488 1401 526 elucet.
1464 487 1590 526 Immo

36 552 134 591 satis
159 554 319 590 cautum
345 552 387 588 et
410 549 581 599 diligens
606 548 798 586 iudicium
822 547 864 586 in
888 548 1102 587 verborum
1135 547 1293 585 delectu
1317 547 1523 597 praebuit,
1548 550 1596 586 ut

32 603 158 649 >etiam
178 611 252 649 hae
272 622 315 648 re
335 622 426 648 eum
446 620 545 647 saec.
559 607 610 646 II.
630 620 709 646 non
729 607 990 657 posteriorem
1011 618 1096 645 esse
1116 606 1322 655 probabile
1342 606 1423 645 fiat.
1455 606 1594 656 Neque

36 671 142 708 enim
166 670 290 708 habet
313 667 436 708 verba
462 667 758 717 desuperlativa
783 679 884 716 quae
916 667 1008 705 inde
1034 666 1084 704 ab
1112 666 1282 715 Apuleio
1308 666 1498 716 leguntur
1524 662 1593 718 (ef.

36 729 235 776 Roenseh,
265 728 314 767 It.
340 741 378 766 u.
404 726 523 776 Vulg.
549 740 587 776 p.
611 727 692 764 172
709 738 765 776 sq.
793 728 833 764 et
858 725 1034 764 dissertt.
1061 719 1220 778 Apul),
1246 727 1317 764 aut
1341 737 1366 763 a
1390 737 1594 775 compara-

35 788 130 827 tivis
155 787 356 837 derivata,
381 797 481 836 quae
507 787 668 836 praeter
693 785 791 824 alios
817 797 954 823 eorum
979 787 1206 834 temporum
1231 784 1446 834 scriptores
1473 785 1594 823 etiam

37 847 281 897 Papinianus
301 845 422 884 ICtus
441 845 607 895 praebet
626 840 694 897 (ef.
716 843 881 894 Leipold
899 858 936 894 p.
958 838 1034 897 48)
1055 846 1125 883 aut
1145 843 1416 893 decomposita
1435 846 1596 893 praeter

35 907 292 955 superaddere
325 905 457 953 1988,
488 916 590 954 quae
614 903 695 942 iam
725 904 767 941 in
797 905 988 953 argentea
1012 916 1131 953 quam
1156 915 1343 943 vocamus
1370 903 1590 942 Latinitate

36 978 114 1005 non
139 965 198 1005 ita
221 977 313 1004 rara
332 966 427 1003 sunt
446 961 513 1014 (cf.
532 963 677 1013 Draeg.
698 962 802 1001 Hist.
823 962 935 1012 Synt.
955 957 994 1000 Ι2
1019 976 1056 1012 p.
1079 959 1182 1014 138)
1210 960 1330 1012 [illud
1354 962 1485 1012 ipsum
1507 976 1594 1002 ver-

37 1026 132 1064 bum
170 1023 454 1073 superaddendi
489 1023 568 1060 iam
606 1021 727 1071 Verg.
759 1022 829 1060 ecl.
851 1023 889 1072 3,
910 1023 983 1072 38;
1020 1023 1058 1073 5,
1078 1023 1133 1060 42
1172 1024 1214 1060 et
1249 1021 1367 1072 Prop.
1388 1022 1430 1060 II
1451 1024 1516 1073 13,
1539 1024 1592 1062 33

35 1085 205 1134 babent,
243 1096 264 1122 e
295 1082 579 1133 posterioribus
611 1080 786 1120 Chaleid.
826 1080 927 1119 Tim.
949 1075 1109 1134 346]³).
1158 1081 1294 1120 Pauca
1329 1081 1595 1121 idemfflabet

37 1156 167 1193 neque
184 1143 268 1182 fere
287 1142 364 1180 nisi
384 1137 617 1180 ‘eommunis
636 1136 749 1179 usus'
766 1140 890 1180 verba
908 1140 1204 1191 frequentativa
1217 1153 1335 1179 sensu
1348 1153 1426 1179 non
1440 1144 1596 1180 mutata

40 1205 111 1241 aut
142 1202 265 1241 verba
294 1213 382 1240 eum
413 1202 456 1239 in
485 1199 684 1250 privativo
709 1199 944 1250 composita,
974 1211 1077 1249 quae
1103 1200 1235 1239 omnia
1260 1212 1379 1249 saepe
1404 1200 1595 1251 leguntur

40 1261 146 1311 apud
171 1260 385 1311 Apuleium
410 1261 451 1298 et
476 1259 778 1298 Tertullianum.

157 1320 284 1358 Immo
310 1318 540 1357 Terentiani
564 1319 604 1356 in
630 1319 841 1357 verborum
867 1330 944 1357 usu
968 1318 1191 1368 proprietas
1216 1319 1314 1357 baec
1338 1319 1594 1369 potissimum

42 1382 115 1428 est,
140 1381 186 1418 ut
204 1391 284 1418 non
302 1378 430 1416 multa
448 1377 571 1416 verba
589 1378 769 1416 obsoleta
788 1380 859 1416 aut
872 1379 1082 1426 poetarum
1095 1380 1252 1416 tantum
1267 1391 1342 1416 usu
1356 1380 1515 1417 retenta
1528 1379 1596 1417 ad-

40 1439 188 1488 hibeat,
210 1438 278 1477 sed
298 1440 340 1476 et
359 1436 516 1487 saepius
529 1437 742 1475 verborum
760 1436 939 1475 notiones
951 1436 1130 1476 inflectat
1141 1437 1408 1488 immutetque
1422 1443 1463 1475 et
1474 1450 1595 1487 quam

40 1498 210 1536 maxime
241 1496 446 1536 translatis
479 1496 767 1534 sententiarum
797 1495 936 1534 formis
967 1496 1177 1546 verbisque
1208 1496 1421 1535 tralatieiis
1444 1499 1594 1536 utatur.

42 1557 144 1595 Nam
171 1568 411 1607 quamquam
437 1555 528 1593 huic
554 1555 614 1593 rei
638 1555 749 1605 favit,
775 1555 879 1604 quod
904 1555 1035 1594 multa
1058 1556 1180 1594 verba
1204 1568 1278 1594 usu
1304 1556 1478 1594 contrita
1502 1569 1592 1606 pro-

41 1616 168 1666 priam
194 1616 274 1654 vim
300 1615 416 1665 plane
442 1614 674 1663 amiserant,
700 1617 835 1652 tamen
865 1614 995 1663 ipsum
1026 1614 1214 1653 audacius
1239 1615 1441 1653 interdum
1473 1617 1596 1655 verba

43 1674 298 1714 transtulisse
323 1686 400 1712 non
427 1675 488 1711 est
513 1673 619 1723 quod
648 1685 850 1723 negemus.
901 1673 980 1712 Sed
1010 1674 1113 1723 quod
1147 1675 1271 1712 verba
1300 1674 1501 1713 interdum
1534 1675 1595 1713 in-

43 1734 194 1772 usitato
219 1745 336 1772 sensu
363 1735 483 1782 atque
509 1732 703 1783 singulari
722 1732 915 1780 adhibuit,
935 1732 1104 1771 fortasse
1129 1733 1222 1771 inde
1241 1734 1499 1783 repetendum
1520 1737 1593 1785 est,

44 1792 148 1842 quod
180 1791 311 1830 Mauri
347 1804 426 1830 non
457 1791 678 1841 antiquitus
711 1803 892 1830 sermone
925 1791 1073 1830 Latino.
1106 1792 1169 1830 usi
1207 1795 1331 1831 erant.
1380 1792 1596 1831 Praeterea

43 1850 200 1901 saepius
226 1853 432 1901 poetarum
458 1862 566 1888 more
592 1850 786 1899 simplicia
809 1851 934 1889 verba
956 1864 1028 1900 pro
1054 1852 1280 1901 compositis
1307 1853 1348 1890 et
1371 1852 1456 1891 vice
1479 1864 1595 1891 versa

43 1910 262 1960 composita
285 1922 356 1959 pro
383 1908 628 1959 simplicibus
652 1909 786 1960 posuit
816 1912 937 1959 atque
963 1910 1085 1949 etiam
1111 1910 1210 1949 alias
1234 1913 1444 1960 poetarum
1474 1911 1594 1950 licen-

40 1969 117 2007 tias
143 1969 219 2008 sibi
242 1962 466 2021 sumpsit4).

159 2027 312 2067 Graeca
348 2029 482 2067 autem
519 2027 641 2066 verba
677 2030 837 2077 praeter
873 2029 1052 2078 exempla
1090 2031 1131 2067 et
1173 2029 1272 2068 artis
1311 2030 1505 2069 vocabula
1543 2031 1593 2069 ab

39 2087 268 2127 auctoribus
293 2086 504 2137 desumpta
528 2087 624 2126 haee
649 2089 807 2125 tantum
832 2088 970 2126 habet:

161 2213 195 2258 1)
221 2211 421 2258 Septimius
441 2210 600 2247 Serenus
626 2210 804 2246 audacius
828 2222 928 2247 nova
952 2212 1066 2248 verba
1088 2212 1236 2248 finxisse
1260 2212 1425 2258 videtum
1451 2226 1536 2251 nam
1556 2215 1595 2250 in

45 2258 262 2305 fragmentis
282 2271 305 2295 a
323 2258 546 2294 Terentiano
566 2259 863 2294 commemoratis
882 2258 975 2294 haec
994 2260 1108 2305 verba
1133 2261 1322 2306 leguntur:
1349 2263 1595 2308 Aboriyineus

45 2309 146 2351 1900,
172 2307 296 2350 acipes
320 2309 424 2348 1464,
449 2306 643 2342 cardimus
671 2309 772 2350 1895,
798 2317 893 2350 quae
918 2305 1009 2342 alibi
1033 2318 1107 2343 non
1132 2310 1291 2343 exstant.

158 2355 196 2398 2)
221 2352 428 2388 Hauscbild
452 2353 489 2388 in
515 2352 604 2389 diss.
632 2352 716 2389 ‘Die
735 2353 1002 2400 Wortbildung
1027 2353 1260 2391 Tertullians'
1281 2355 1297 2389 Ι
1321 2367 1357 2401 p.
1373 2358 1418 2391 30
1446 2356 1593 2392 Tertul-

38 2399 179 2436 lianum
204 2399 382 2436 adhibere
408 2400 600 2436 contendit
622 2399 806 2436 vocabula
831 2400 1041 2437 desinentia
1065 2400 1121 2437 in:

322 2448 387 2483 -tio
638 2450 718 2492 142,
730 2447 769 2483 in
794 2446 853 2483 his
879 2448 927 2484 ab
950 2448 1031 2494 ipso
1054 2449 1215 2485 formata.
1240 2453 1297 2494 96,

322 2498 398 2530 ‘m
425 2493 500 2540 GV·
520 2494 629 2539 ded)
660 2498 705 2530 4⁷
738 2522 759 2540 n
810 2522 832 2540 υ
886 2523 908 2540 n
981 2523 1001 2540 n
1121 2524 1143 2540 n
1239 2501 1298 2542 35,

322 2545 396 2577 ἰω
658 2545 704 2577 46
736 2569 758 2586 n
808 2569 830 2586 n
882 2568 905 2586 n
979 2570 1001 2587 n
1122 2571 1144 2589 n
1241 2547 1298 2589 40»

323 2599 418 2643 *m
441 2590 629 2632 (mentum)
660 2591 705 2623 18
737 2616 757 2633 n
808 2617 829 2634 n
886 2616 908 2634 n
981 2617 1002 2635 n
1123 2618 1145 2636 η
1243 2596 1298 2636 17,

322 2636 422 2690 ’ῳῖῒὸ
660 2639 704 2670 82
737 2662 758 2680 n
808 2663 830 2681 n
885 2663 906 2682 n
979 2664 1000 2681 n
1121 2665 1144 2683 n
1242 2642 1298 2682 71,

322 2693 420 2718 —wus
662 2685 708 2717 20
739 2709 760 2727 ,,
821 2710 830 2726 ,
886 2710 908 2727 ‚‚
1241 2688 1298 2721 20.

159 2731 196 2775 8)
221 2729 380 2766 Omnino
419 2730 613 2765 verborum
651 2741 734 2765 enm
778 2710 874 2765 bi’uis
917 2712 1255 2776 prasspositissnibus
1299 2734 1591 2779 compositorum

43 2775 184 2811 nullum
217 2789 333 2823 genus
363 2777 594 2812 numerosius
626 2777 682 2812 est
718 2787 827 2821 quam
867 2788 996 2813 eorum
1033 2790 1191 2823 quorum
1228 2781 1456 2827 praepositio
1493 2783 1594 2828 prior

42 2834 150 2869 super
175 2828 243 2868 est,
268 2824 372 2859 euius
397 2824 544 2869 generis
570 2824 725 2859 96—in
750 2823 808 2859 his
834 2828 879 2860 33
899 2834 923 2859 a
940 2826 1194 2871 veterioribus,
1220 2830 1264 2863 63
1284 2837 1307 2862 a
1325 2828 1592 2866 recentioribus

43 2872 221 2916 usurpata
239 2891 286 2896 —
304 2870 376 2907 sibi
396 2871 547 2916 cognita
567 2882 646 2907 esse
666 2870 833 2907 Paucker
852 2872 888 2907 in
905 2871 1010 2908 Subr.
1026 2871 1110 2908 add.
1125 2872 1149 2909 1.
1165 2873 1202 2909 L.
1219 2886 1254 2920 p.
1269 2878 1310 2910 21
1328 2875 1414 2913 adn.
1432 2881 1475 2912 15
1489 2878 1590 2914 dicit.

162 2919 199 2964 4)
222 2917 323 2954 Haec
348 2929 444 2963 quae
470 2918 515 2953 de
542 2918 736 2954 verborum
761 2929 829 2954 usu
855 2918 948 2964 dixi,
973 2930 1019 2955 ne
1046 2921 1179 2966 longus
1205 2923 1286 2967 sim,
1313 2924 1491 2970 exemplis
1516 2936 1591 2961 non
