1878 3242
538 147 592 184 De
617 146 831 183 Terentiani
856 156 1025 182 sermone
1050 146 1089 182 61
1112 145 1249 182 aetate.
1586 141 1672 183 363

229 257 332 303 Inde
357 256 426 316 (cf.
451 257 556 314 hinc)
582 261 812 312 saepissime
836 260 1076 312 principium
1102 261 1174 298 aut
1198 258 1393 310 originem
1416 258 1488 297 aut
1512 269 1675 296 causam

33 316 39 375 J
113 318 309 377 (11144ος
339 323 405 362 hic
438 324 574 362 autem
600 321 848 372 significatus
881 319 1042 372 saepius
1073 333 1134 370 ap.
1162 319 1264 358 Plin.
1289 318 1403 367 min„
1434 317 1542 368 apud
1575 317 1675 357 alios

113 395 204 424 raro
227 382 440 432 invenitur,
466 383 515 422 cf.
540 381 669 420 Krebs
695 381 738 420 in
762 381 799 420 h.
825 375 881 431 v.)
908 379 1124 431 significat,
1150 380 1360 429 praeterea
1391 390 1477 416 rem
1508 390 1610 428 quae
1635 377 1678 416 in

115 443 234 483 aliam
259 443 440 481 mutatur
464 436 531 495 (ut
558 443 684 491 1476,
712 441 838 489 2484,
866 441 999 490 2869,
1030 452 1102 479 nec
1133 452 1212 478 non
1240 439 1352 479 1518
1386 450 1521 477 versus
1552 441 1679 476 tamen

114 506 148 543 et
170 514 249 542 mm
271 504 401 542 minus
422 500 525 552 [scil.
544 514 664 551 quam
689 496 916 551 ευνάφεια]
936 500 1027 540 inde
1053 498 1095 549 [i.
1116 512 1150 538 e.
1171 512 1218 538 ex
1241 496 1397 548 ionicis]
1418 501 1680 546 comparatur,

3 570 32 615 ἒ·
117 574 237 613 quam
263 561 566 612 explicationem
591 561 738 610 addidi,
758 560 863 612 quod
884 560 1006 599 Briss.
1026 560 1130 599 falso
1156 559 1465 608 interpretatur:
1491 558 1580 597 inde
1604 559 1628 597 i.
1651 570 1679 596 e.

115 634 160 662 ex
188 616 418 673 synaphia),
456 621 626 671 denique
663 620 841 659 ordinem
880 615 955 672 (=
982 614 1142 672 deinde)
1178 619 1275 670 359,
1302 619 1400 669 610,
1428 619 1526 668 969,
1555 618 1681 666 1471,

1 704 3 707 ’
30 684 33 685 ’
118 683 244 728 1691,
272 683 398 732 1713,
427 682 552 731 1760,
579 682 706 720 2390.

32 750 33 754 ’
232 735 414 780 Interim>
436 735 480 794 1)
502 757 558 773 =
577 742 658 780 iam
678 742 781 779 371:
808 734 855 793 (u
872 733 1031 792 littera)
1050 751 1147 788 quae
1165 741 1284 778 vicem
1302 740 1412 778 nobis
1429 739 1605 787 rependit
1622 739 1681 777 in-

30 810 33 811 ’
116 803 226 841 terim
249 802 424 840 vacantis
451 812 473 839 υ
500 798 567 851 (cf.
592 814 627 840 v.
655 794 777 853 369);
803 800 850 839 cf.
878 799 995 838 Hand
1014 799 1076 838 III
1101 813 1139 849 p.
1159 800 1244 839 428
1271 799 1313 838 in
1337 812 1374 837 n.
1399 800 1465 838 16.

236 855 284 916 2)
294 878 350 892 =
362 861 582 909 aliquando,
596 861 788 899 interdum
803 861 900 910 373,
916 861 1014 910 888,
1028 859 1096 909 qui
1110 859 1276 899 voculae
1289 871 1387 898 usus
1401 860 1495 897 ant-e
1509 858 1682 908 primum

115 936 154 973 p.
174 921 264 961 Chr.
283 934 321 961 11.
343 932 442 960 saec.
468 933 548 959 non
572 919 787 968 invenitur,
812 919 880 959 sed
902 919 1052 958 Seneca
1075 919 1173 969 phil.
1194 919 1294 957 Plin.
1316 918 1407 958 mai.
1428 917 1563 964 Quint.
1589 931 1681 967 par-

117 981 281 1020 ticulam
299 981 363 1020 ‘ita
386 980 534 1031 passim
554 980 756 1029 adhibent,
777 979 825 1018 cf.
846 978 963 1018 Hand
982 978 1045 1017 ΙΙΙ
1064 992 1101 1028 p.
1122 980 1222 1031 423,
1242 991 1349 1018 num.
1373 979 1438 1017 14.
1478 976 1536 1017 Cf.
1562 977 1684 1017 etiam

33 1030 43 1035 ‘¹
117 1040 247 1080 Krebs
271 1040 314 1079 in
337 1040 375 1079 11.
402 1053 438 1079 v,

235 1094 358 1139 Intus
391 1094 438 1153 1)
464 1116 518 1131 ==
545 1112 594 1138 ex
617 1099 806 1138 interiore
831 1100 946 1149 parte
975 1099 1076 1138 189:
1114 1099 1259 1137 vocalis
1283 1099 1388 1137 intus
1413 1099 1517 1137 locus
1543 1100 1684 1137 exitum

118 1162 324 1201 ministrat.
373 1159 503 1198 Plaut.
530 1159 619 1199 Ter.
644 1158 760 1198 Varr.
787 1157 890 1197 Cels.
1216 1203 1222 1207 ,
1625 1206 1628 1209 Δ

238 1221 263 1259 2
311 1236 367 1250 =
392 1219 434 1258 in
458 1218 647 1258 interiore
672 1220 786 1269 parte
814 1219 910 1267 235,
939 1219 1067 1268 1429,
1097 1219 1207 1258 1961
1236 1217 1388 1257 usitato
1415 1230 1547 1257 sensu.

239 1215 286 1333 33
313 1296 369 1311 =
394 1279 436 1317 in
461 1279 692 1318 interiorem
710 1280 867 1329 partem
889 1280 972 1318 192
993 1279 1096 1317 velut
1111 1279 1217 1317 intus
1236 1281 1378 1327 ayatur
1396 1290 1526 1323 sonus,
1548 1276 1682 1328 [2629

116 1341 217 1389 yerit
250 1341 355 1378 intus
387 1340 431 1378 in
465 1340 648 1388 oppidum
683 1338 865 1388 Septimii
900 1336 995 1388 est].
1042 1337 1129 1377 Hoc
1154 1350 1292 1388 sensu,
1323 1337 1391 1387 qui
1416 1350 1440 1376 a
1465 1337 1619 1377 Lucilio
1646 1340 1687 1376 et

119 1398 364 1445 Quintiliano
383 1399 652 1449 vituperatur,
670 1397 868 1449 particula
886 1398 993 1448 apud
1012 1397 1127 1437 Lucr.
1148 1396 1219 1437 Ov.
1241 1396 1342 1436 Cels.
1358 1397 1452 1437 Tac.
1471 1397 1684 1437 invenitur.

120 1458 178 1498 Cf.
205 1459 326 1498 etiam
350 1458 479 1498 Krebs
504 1458 546 1496 in
573 1471 608 1497 v.
632 1459 745 1497 intro.

236 1514 343 1558 Item
370 1519 467 1568 781,
495 1519 593 1567 838,
620 1519 717 1567 839,
748 1518 872 1566 1877,
903 1518 1028 1567 1908,
1057 1518 1184 1568 2020,
1211 1518 1339 1567 2613,
1367 1518 1495 1557 2648.

239 1573 400 1618 Ῑ16111111
433 1579 530 1628 590,
559 1579 687 1626 2030,
715 1578 842 1618 2087.

238 1632 391 1677 Itidem
417 1638 500 1678 265
527 1639 658 1677 itidem
677 1668 686 1677 .
706 1667 716 1677 .
738 1669 746 1676 .
768 1669 776 1677 .
796 1649 965 1686 quoque&
990 1637 1087 1676 haec
1111 1637 1236 1677 verba
1260 1637 1382 1676 etiam
1402 1638 1571 1678 Plautus
1597 1651 1686 1678 con-

18 1700 41 1731 ’-
107 1697 260 1746 iunxit,
287 1698 399 1738 1496
426 1699 639 1746 itidemque,
669 1698 779 1737 1517
806 1698 948 1742 itidem,
976 1698 1088 1736 2719
1117 1700 1241 1745 totque
1259 1698 1406 1737 itidem.

237 1753 359 1796 Licet
382 1757 676 1797 coniunctivum
701 1757 817 1806 regit,
842 1770 922 1796 non
947 1756 1208 1796 indicativum
1229 1758 1275 1796 111
1300 1769 1362 1806 ap.
1382 1757 1540 1808 Ulpian.
1566 1758 1687 1808 Apul.

121 1817 293 1856 Macrob.
320 1817 449 1857 Amm.
476 1818 518 1856 et
540 1816 581 1855 in
604 1816 724 1867 Vulg.
767 1816 866 1856 Post
890 1817 1057 1855 verbum
1083 1817 1261 1866 ponitur:
1288 1817 1387 1868 413,
1415 1818 1543 1869 1341,
1572 1819 1686 1857 1344

21 1859 39 1891 ’·
121 1876 295 1926 (licebit),
323 1877 449 1928 1827,
476 1878 603 1926 2387,
629 1879 722 1915 aute
747 1877 913 1916 verbum
941 1877 1045 1927 511,
1074 1877 1178 1926 633,
1206 1877 1305 1915 813.
1357 1878 1546 1927 Quamvis
1580 1879 1687 1928 apud

121 1936 405 1978 Terentianum
431 1936 552 1975 deest.
603 1935 662 1975 Cf.
689 1936 804 1985 Kalb,
830 1936 877 1974 R.
902 1936 941 1975 J.
967 1950 1003 1986 p.
1027 1937 1070 1975 5:
1111 1932 1205 1975 εΒ61
1237 1936 1314 1975 den
1340 1937 1493 1976 §.lteren
1520 1938 1686 1977 Rechts-

121 1996 330 2047 gelehrten
370 1996 427 2035 ist
468 1997 645 2045 quamvis
688 1996 752 2035 die
796 1995 1142 2046 gebrauchlichste
1185 1995 1682 2047 Konzessivkonjunktion.

122 2055 259 2095 Durch
282 2055 412 2095 Iulian
438 2050 526 2109 (qui
552 2056 626 2094 sub
637 2055 857 2095 -Hadriano
883 2050 980 2107 fuit)
1007 2056 1144 2095 wurde
1169 2056 1255 2095 licet
1284 2056 1465 2105 hstufiger
1496 2058 1578 2096 und
1610 2058 1686 2097 seit

123 2116 227 2155 etwa
253 2116 338 2155 200
363 2115 498 2155 macht
522 2128 564 2155 es
589 2115 679 2154 dem
706 2115 859 2154 alteren
885 2117 1061 2163 quamvis
1081 2115 1158 2154 den
1177 2115 1293 2165 Rang
1313 2112 1506 2166 streitig'.
1546 2117 1685 2168 Neque

122 2176 257 2214 tamen
281 2174 344 2214 his
374 2175 506 2214 verbis
539 2175 821 2225 comprobatur
853 2174 1136 2214 Terentianum
1167 2177 1259 2224 post
1289 2187 1324 2214 a.
1352 2176 1438 2215 200
1470 2175 1687 2226 scripsisse.

123 2233 227 2273 Nam
257 2233 343 2274 ICti
380 2234 504 2274 verba
539 2235 582 2273 in
619 2247 799 2274 sermone
836 2234 1054 2273 cottidiano
1093 2234 1274 2274 obsoleta.
1311 2234 1461 2274 diutius
1499 2236 1687 2275 videntur

122 2293 344 2334 retinuisse.

240 2349 378 2404 Magis
404 2348 543 2407 (maye,
570 2366 672 2404 quae
698 2353 825 2392 forma
850 2353 961 2392 nullo
981 2354 1160 2404 tempore
1179 2355 1390 2403 poetarum
1410 2353 1460 2392 ab
1480 2367 1556 2393 usu
1575 2368 1686 2404 pror-

125 2425 194 2453 sus
219 2412 350 2452 aliena
374 2415 474 2463 erat,
502 2415 597 2461 164,
627 2414 753 2463 1483,
781 2413 893 2452 2893
920 2408 1141 2466 invenitur)
1167 2425 1286 2463 saepe
1310 2413 1336 2452 i.
1357 2427 1393 2464 q.
1410 2415 1555 2462 potius,
1582 2427 1685 2465 quae

123 2472 265 2513 vocula
291 2473 373 2512 511
396 2472 556 2522 legitur,
575 2473 694 2521 valet,
714 2474 760 2511 ut
779 2473 907 2529 11116111,
926 2484 990 2512 res
1008 2472 1271 2522 praeferatur,
1291 2473 1420 2511 altera
1440 2473 1685 2524 excludatur,

124 2531 260 2582 itaque
293 2533 364 2571 aut
401 2532 634 2572 correctioni
666 2533 738 2570 aut
767 2531 971 2582 negationi
1000 2532 1170 2571 inservit
1207 2531 1268 2570 his
1305 2532 1421 2571 locis:
1463 2534 1560 2583 164,
1588 2535 1686 2583 692,

128 2591 225 2642 734,
252 2592 350 2638 767,
377 2593 462 2630 772
489 2590 560 2638 (an
584 2591 744 2640 mayts),
774 2592 900 2639 1483,
927 2592 1054 2641 2246,
1081 2592 1208 2639 2611,
1236 2592 1363 2642 2733,
1390 2593 1516 2632 2866.
1568 2593 1685 2632 Hand

126 2649 187 2689 ΠΙ
212 2663 249 2701 p.
272 2650 355 2690 558
382 2651 423 2689 111
448 2663 486 2690 11.
507 2651 531 2689 8
558 2652 697 2701 poetas
724 2651 963 2701 posteriores
990 2653 1035 2689 ut
1054 2651 1214 2691 Nemes.
1240 2650 1444 2690 Claudian.
1465 2646 1569 2703 (scil.
1590 2652 1685 2693 Pro-

125 2709 244 2760 pertii
269 2704 470 2764 exemplo)
499 2710 559 2749 ita
583 2710 738 2750 locutos
770 2722 856 2749 esse
882 2706 997 2758 dicit,
1031 2711 1100 2749 sed
1125 2711 1231 2750 idem
1257 2710 1305 2749 de
1332 2710 1535 2750 Frontone
1560 2712 1686 2752 Ebert

125 2781 164 2819 p.
184 2770 252 2821 37,
277 2769 326 2808 de
353 2769 522 2819 Apuleio
548 2769 701 2808 Becker
724 2783 761 2819 p.
786 2771 838 2808 12
866 2769 1137 2809 ostenderunt.

244 2823 363 2868 Modo
392 2823 437 2881 1)
464 2831 622 2878 tempus
649 2829 798 2879 signat:

195 2927 197 2929 ,
256 2881 299 2941 a)
323 2888 561 2938 perfectum:
591 2889 685 2936 229,
714 2889 796 2928 258
825 2888 1112 2938 (temptavimus
1135 2889 1193 2940 M;
1226 2889 1524 2928 Lachmannum
1551 2892 1686 2930 autem

326 2947 576 2998 Keiliumque
602 2960 682 2987 non
706 2949 813 2988 recte
838 2949 1104 2998 temptabimus
1124 2949 1331 3000 scripsisse
1351 2949 1546 2991 existimo.
1579 2951 1680 2991 Nam
