1942 3262
313 172 398 214 300
969 175 1013 213 A.
1036 177 1183 213 Werth:

314 286 381 322 tur
406 285 545 332 operis,
567 297 683 335 quam
709 285 757 323 ad
784 285 997 325 secundum
1023 287 1166 326 librum
1186 287 1382 337 pertinere
1406 290 1511 328 recte
1529 289 1680 329 Keilius
1697 302 1837 341 cogno·

312 342 369 380 vit
379 338 423 394 ¹),
449 347 621 392 apparet.
672 343 807 393 Neque
834 345 959 383 solum
985 345 1026 383 hi
1053 357 1188 384 versus
1213 347 1414 396 premendi
1437 349 1547 386 sunt:

574 426 623 462 51
642 437 723 474 sqq.
765 427 821 464 sic
842 429 1012 465 nostrum
1035 428 1181 465 scnium
1205 439 1362 476 quoquc,

762 485 853 531 quia
876 486 955 522 iam
981 486 1102 524 dicere
1127 486 1295 532 qrandia

761 545 955 580 maturum
979 545 1170 591 inyem’um
1192 547 1304 591 negat

763 612 829 638 nec
851 602 1001 648 spirant
1026 603 1177 639 animas
1199 603 1338 648 ftbrac,

668 659 720 696 55
766 661 965 706 anyustam
990 660 1106 697 studii
1129 660 1232 698 viam

764 720 798 754 ct
821 717 952 754 callem
977 720 1121 755 tenuem
1145 719 1246 760 terit,

765 778 910 813 tantum
933 786 982 813 ne
1005 776 1103 814 male
1127 777 1247 814 desidi

763 836 982 872 suescant
1010 845 1090 873 ora
1119 834 1323 878 silentio,

313 915 380 952 sed
407 914 598 963 imprimis
625 928 671 953 ex
698 917 782 953 tota
805 915 876 953 illa
900 915 947 953 de
973 915 1125 954 athleta
1149 915 1315 965 quodam
1346 917 1568 955 narratione
1591 930 1669 956 non
1691 919 1837 969 paucis,

311 971 379 1010 sed
404 973 582 1022 pluribus
609 974 720 1012 annis
746 975 836 1012 ante
861 974 939 1012 alia
965 973 1242 1012 Terentianum
1267 970 1427 1027 open-⁸²)
1458 975 1666 1014 confecisse
1701 988 1838 1026 cogno-

308 1031 442 1069 scitur.

424 1090 556 1139 Atque
582 1090 697 1128 etiam
726 1090 765 1128 in
791 1103 968 1129 sermone
987 1090 1167 1140 quamvis
1191 1090 1412 1130 rarissimas
1437 1092 1571 1130 tamen
1595 1091 1834 1132 differentias
1877 1132 1882 1136 ,

309 1149 508 1198 quasdam
525 1148 720 1188 invenisse
746 1149 842 1187 mihi
866 1149 1010 1188 videor.
1052 1148 1107 1187 Ut
1132 1149 1173 1187 in
1198 1149 1366 1188 secundo
1391 1149 1492 1187 libro
1517 1162 1699 1188 versuum
1725 1151 1837 1190 initia.

308 1209 378 1244 aut
397 1206 523 1245 exitus
543 1207 767 1245 undevicies
788 1201 936 1259 (1:54)
956 1207 1091 1256 repeti,
1110 1207 1149 1244 in
1168 1207 1285 1245 tei-tio
1305 1209 1435 1246 autem
1451 1202 1835 1262 duodecies(1:140)

310 1263 392 1314 [vel
417 1267 556 1315 quater
580 1265 707 1303 decies
729 1282 781 1296 =
799 1269 818 1303 1
837 1277 846 1303 :
863 1263 964 1314 120]
989 1260 1175 1316 inveniss).
1207 1265 1356 1303 Deinde
1381 1265 1639 1304 Terentianus
1658 1269 1706 1305 ut
1722 1266 1834 1305 binas

309 1336 372 1361 res
399 1323 593 1371 significet
618 1323 744 1361 forma
769 1323 958 1372 singulari
991 1323 1171 1362 vocabuli
1200 1326 1354 1371 uterque
1382 1322 1423 1361 in
1452 1323 1552 1362 libro
1577 1323 1702 1374 primo
1725 1325 1835 1374 quin-

307 1382 416 1430 quies
442 1377 486 1434 (1
509 1396 517 1419 :
541 1376 627 1432 60),
652 1381 692 1419 in
717 1381 887 1420 secundo
911 1383 974 1419 ter
998 1375 1040 1434 (1
1065 1396 1073 1419 :
1095 1376 1211 1433 320),
1236 1381 1276 1419 in
1302 1381 1420 1420 tertio
1446 1381 1616 1420 sedecies
1637 1378 1679 1433 (1
1702 1396 1711 1420 ε
1735 1378 1834 1433 100)

308 1440 448 1489 utitur,
475 1442 610 1478 contra
635 1439 778 1488 plurali
804 1439 844 1477 in
869 1439 994 1489 primo
1018 1451 1242 1489 numquam,
1264 1440 1304 1477 in
1329 1439 1453 1478 altero
1478 1439 1600 1478 sexies
1627 1435 1669 1492 (l
1691 1454 1701 1478 ε
1722 1435 1835 1493 160),

310 1499 350 1535 in
374 1498 492 1536 tertio
519 1497 580 1535 bis
607 1491 797 1551 (1:800),
818 1510 896 1548 qua
920 1497 959 1535 in
984 1511 1027 1536 re
1051 1497 1248 1536 interdum
1267 1500 1392 1535 metro
1411 1499 1568 1536 coactus
1588 1499 1660 1545 est,
1679 1498 1835 1548 saepius

310 1559 442 1594 autem
468 1556 595 1606 ipsum
621 1557 784 1594 verbum
810 1556 906 1594 adeo
932 1568 1009 1594 non
1034 1558 1169 1605 aptum
1200 1558 1302 1606 erat,
1326 1557 1373 1594 ut
1404 1555 1616 1607 singularis
1652 1556 1836 1606 usurpari

308 1614 464 1653 omuino
489 1627 566 1653 non
590 1616 741 1664 posset,
767 1617 813 1652 ut
837 1627 900 1652 vv,
922 1615 1021 1653 661:
1059 1614 1314 1662 seyreyandas
1341 1616 1521 1662 utrasque
1550 1615 1716 1653 existimo
1746 1610 1835 1666 (pro

306 1674 396 1711 illas
425 1674 524 1711 inter
547 1684 587 1711 sc
611 1667 894 1723 seyr-mandas),
924 1685 958 1709 v.
980 1673 1061 1711 921
1095 1674 1198 1711 sonis
1220 1674 1389 1719 utrisque
1412 1674 1556 1711 constat
1577 1671 1690 1721 ζῆτα,
1724 1673 1834 1711 1026

306 1733 451 1770 divisas
475 1732 597 1770 cernis
614 1734 804 1779 utrasque,
833 1732 944 1770 1080
963 1731 1040 1769 m'sc'
1058 1731 1198 1769 vocalis
1215 1733 1395 1778 sequatur
1413 1733 1592 1778 utrasque
1609 1725 1699 1784 (pro
1717 1725 1835 1783 illas).

425 1790 526 1827 Tum
557 1789 728 1839 genetivi
759 1790 799 1827 in
830 1791 906 1827 -ius
937 1788 1137 1827 terminati
1167 1789 1206 1826 in
1231 1789 1348 1826 tertio
1373 1787 1474 1826 libro
1499 1787 1656 1839 longam
1682 1789 1838 1838 paenul-

311 1849 447 1886 timam
473 1847 621 1885 habent
644 1849 802 1896 praeter
827 1860 947 1885 unum
973 1845 1132 1885 altcr‘ius
1154 1847 1196 1884 in
1223 1860 1255 1885 v.
1279 1847 1389 1885 1758
1417 1840 1574 1898 (contra
1597 1848 1658 1884 ter
1682 1846 1840 1884 alterius

312 1907 434 1955 1352,
463 1906 586 1955 1611,
614 1899 766 1957 2184),
791 1907 833 1943 at
857 1905 897 1942 in
923 1905 1090 1942 secundo
1116 1903 1216 1942 libro
1242 1901 1399 1942 alterius
1428 1904 1550 1953 1109,
1578 1906 1701 1953 1119,
1729 1905 1838 1942 1226

309 1964 469 2013 legitur,
493 1966 674 2012 praetera
705 1961 811 2002 ill‘ius
837 1964 933 2012 664,
957 1960 1075 2001 un‘ius
1101 1963 1183 2001 613
1216 1958 1373 2014 (contra
1396 1965 1516 2000 unius
1543 1955 1674 2014 1116)
1698 1960 1839 2000 uti-‘ius-

307 2035 377 2070 que
402 2023 498 2061 409.

425 2079 564 2130 Neque
595 2079 696 2118 sorte
728 2079 887 2127 accidit,
918 2081 963 2117 ut
997 2079 1037 2117 in
1068 2078 1308 2117 tetrametris
1333 2077 1455 2116 troch.
1479 2077 1592 2116 catal.
1617 2077 1726 2116 tertii
1750 2077 1840 2116 libri

314 2138 414 2177 arsis
441 2139 571 2188 quarti
596 2138 706 2187 pedis
732 2138 864 2183 semel,
884 2138 924 2175 in
949 2137 1118 2175 secundo
1143 2136 1244 2175 libro
1263 2135 1382 2175 vicies
1402 2137 1543 2185 quater
1561 2135 1752 2174 dissoluta
1770 2134 1839 2185 sit3

314 2196 470 2235 omnino
497 2197 598 2235 enim
626 2196 664 2234 in
690 2195 808 2234 tertio
834 2195 936 2234 libro
962 2195 1079 2233 vicies
1106 2194 1229 2232 sexies
1255 2190 1368 2246 (ergo
1393 2193 1494 2232 ratio
1523 2196 1544 2231 1
1565 2207 1574 2231 :
1596 2189 1690 2245 26),
1713 2194 1754 2231 in
1778 2206 1839 2232 se-

309 2256 436 2293 cundo
470 2255 642 2303 octogies
675 2254 797 2292 semel
829 2249 905 2306 (24
925 2268 934 2291 ι
958 2254 1009 2292 81
1033 2269 1088 2284 --
1111 2255 1131 2291 1
1154 2266 1163 2290 :
1185 2253 1223 2300 3,
1242 2247 1289 2305 4)
1321 2252 1439 2302 longa
1467 2252 1596 2302 prima
1629 2251 1768 2301 pedum
1799 2252 1840 2290 in

308 2315 404 2352 duas
430 2314 568 2352 breves
594 2312 830 2352 dissolvitur.
1796 2361 1798 2363 r

424 2370 482 2411 cf.
508 2371 627 2410 etiam
651 2383 751 2421 quae
777 2370 881 2409 infra
904 2369 944 2408 in
970 2369 1096 2409 indice
1127 2367 1408 2419 particularum
1441 2367 1490 2407 de
1520 2367 1714 2418 particula
1744 2370 1838 2407 iam·

307 2443 421 2479 quam
445 2430 535 2469 dixi.

426 2488 501 2527 Sed
526 2489 621 2527 haee
647 2490 687 2527 et
704 2487 802 2526 talia
821 2487 936 2526 nimis
957 2498 1134 2536 premere
1154 2485 1254 2525 nolo.
1286 2485 1387 2524 Nam
1408 2485 1450 2523 in
1468 2484 1691 2524 universum
1712 2494 1839 2522 sermo

310 2548 405 2585 satis
430 2548 594 2594 constat,
615 2549 659 2585 ut
686 2546 893 2585 discrimen
918 2545 957 2583 in
977 2544 1206 2595 quaestione
1231 2543 1434 2594 proposita
1458 2543 1586 2582 facere
1609 2554 1686 2581 non
1711 2541 1838 2581 lioeet.

425 2674 461 2762 ἐξ
487 2671 794 2752 hemgssaiffsseck
819 2715 843 2751 l.
864 2725 896 2750 c.
921 2727 955 2760 p.
976 2718 1045 2750 324
1068 2713 1221 2758 iudicat,
1246 2711 1389 2749 scilicet
1410 2708 1619 2747 Terentiani
1644 2719 1735 2763 opus
1760 2720 1835 2746 me-

310 2765 441 2799 tricum
469 2775 580 2798 unum
605 2773 682 2798 esse
707 2766 746 2797 et
768 2761 979 2797 Terentiani
1004 2761 1127 2806 priora
1151 2770 1263 2806 opera
1286 2769 1416 2805 reapse
1441 2756 1604 2795 earmina
1626 2756 1747 2792 fuisse.

425 2812 460 2855 3)
487 2809 540 2845 Of.
566 2809 675 2844 huius
700 2807 816 2844 libelli
842 2821 876 2853 p.
897 2812 976 2843 806.
