1878 3242
1712 0 1878 94 ’Ἥ

1831 88 1878 121 »⁵⁷3¹

298 183 384 226 332
958 186 1002 221 A.
1021 186 1167 223 Werthz

298 296 477 334 sitionem
513 308 557 334 ea·
587 292 750 347 regit¹),
782 298 828 335 ut
858 297 962 346 apud
995 300 1131 347 poetas
1162 298 1266 336 etin
1289 300 1478 349 argentea
1499 312 1616 350 quam
1638 314 1820 344 vocamus

298 354 474 392 oratione
495 366 610 403 prosa
630 351 764 405 (Lucr.
782 355 880 404 Nep.
902 354 988 394 Sen.
1009 350 1134 408 suet.)
1153 356 1299 405 septies
1317 369 1404 395 cum
1423 358 1527 397 nudo
1545 358 1716 401 ablativo
1733 374 1820 401 oon-

296 412 483 461 iuugitur.
538 411 679 450 Itidem
713 413 954 462 praepositio
988 426 1031 452 cx
1063 414 1124 452 his
1158 414 1253 452 locis
1284 415 1495 455 omittitur:
1533 417 1614 456 212
1644 419 1818 466 saucibus

299 472 435 508 micat
453 472 577 508 attera
596 466 660 522 (ut
678 483 739 519 ap.
754 471 836 510 Liv.
851 471 1052 510 xxxxw
1069 474 1134 521 10,
1155 474 1179 510 e
1195 474 1235 510 et
1247 470 1318 513 ov.
1332 476 1422 512 met.
1434 473 1471 511 v
1485 476 1552 523 67,
1570 465 1771 528 carnmeg.
1779 472 1818 516 1¹

296 542 332 577 p.
356 523 475 579 511),
517 531 597 567 973
636 529 783 576 syllaba
820 531 982 577 quinque
1017 531 1150 569 litteris
1186 532 1434 579 componitur,
1475 533 1553 571 701
1592 535 1711 583 quis,
1747 547 1818 583 quo

298 588 469 625 nascitur
494 592 588 634 qui,
616 589 726 626 1592
753 588 927 635 spondeis
949 589 1058 626 illum
1080 591 1214 627 natum
1238 591 1359 628 cernis
1381 601 1446 628 sca
1469 586 1621 641 (contra
1645 593 1754 631 2386
1779 594 1821 632 et

300 647 410 683 2559
438 657 481 682 cx
505 639 694 697 additur),
722 647 832 684 1608
859 646 1045 694 spondeus
1062 658 1212 685 versum
1229 659 1301 695 quo
1317 650 1490 695 primum
1507 649 1670 688 diximus
1687 653 1818 696 mlum,

299 704 407 740 2441
437 704 621 750 stabitque
644 715 777 742 versus
795 707 872 742 octo
890 707 1039 742 tantum
1056 705 1230 753 syllabiS,
1256 706 1369 744 2590
1386 707 1548 754 pedibus
1564 708 1708 746 duobus
1723 711 1818 753 orta,

300 763 411 799 2705
440 763 514 799 tres
539 757 713 813 (versus)
732 763 831 800 binis
848 763 1010 810 pedibus
1028 764 1217 802 cernimus
1236 764 1351 802 editos
1368 758 1460 816 (hoc
1477 764 1557 803 iam
1575 777 1599 803 a
1615 764 1700 805 Liv.
1719 765 1817 806 Veu.

297 819 405 857 Curt.
427 819 518 858 Tac.
538 831 627 857 cum
651 820 754 858 nudo
779 820 951 859 ablativo
976 821 1224 860 coniunctum
1249 816 1340 874 est),
1367 823 1478 861 2793
1502 823 1561 862 his
1578 825 1819 864 commatibus

292 880 457 916 metrum
481 880 695 925 composuit.

410 936 510 973 Tum
530 937 656 974 nudus
675 937 870 976 ablativus
889 949 959 987 pro
979 939 1027 976 ab
1047 950 1135 976 cum
1154 938 1231 976 abl.
1244 940 1307 976 ter
1324 939 1427 988 apud
1444 939 1604 978 verbum
1619 942 1818 992 exoriendi,

294 997 334 1032 et
366 994 486 1032 semel
517 995 621 1044 apud
645 995 809 1034 verbum
838 997 1018 1034 nascendi
1047 997 1212 1046 legitur,
1242 996 1311 1034 ubi
1335 997 1583 1046 peculiariter
1605 998 1666 1036 his
1689 998 1819 1038 verbis

292 1052 618 1101 significationem
650 1054 854 1101 incipiendi
877 1053 1005 1093 inesse
1030 1054 1172 1102 voluit,
1209 1056 1318 1094 1035
1345 1055 1494 1103 syllaba
1513 1058 1673 1104 yeminis
1696 1060 1823 1096 exorta

291 1112 454 1154 sonoris,
490 1112 599 1150 1045
633 1123 708 1159 qua
734 1107 904 1163 (littera)
923 1114 1125 1160 proximus
1150 1115 1316 1151 exoritur
1333 1124 1421 1161 pes,
1455 1115 1566 1153 1067
1590 1115 1674 1162 quis
1691 1116 1821 1163 prooei-
1847 1127 1853 1134 ·

292 1181 378 1207 mus
403 1171 568 1208 exoritur
585 1181 676 1217 pes,
708 1171 815 1209 1051
837 1182 907 1218 pes
931 1174 1115 1210 nascatur
1139 1172 1249 1210 certis
1272 1172 1432 1211 sonoris.
1478 1171 1617 1221 Itaque
1641 1173 1757 1212 etiam
1780 1173 1822 1212 in

291 1241 327 1266 v.
352 1228 461 1266 1235
479 1229 714 1276 yeminisque
732 1230 880 1267 oriatur
898 1230 1106 1279 legendum
1126 1232 1197 1277 est,
1221 1241 1313 1267 nam
1331 1233 1486 1273 creetur,
1511 1229 1615 1280 qnod
1633 1230 1674 1269 M
1691 1230 1820 1280 habet,

288 1286 354 1323 vix
384 1286 480 1324 ferri
510 1298 624 1335 posse
658 1287 753 1324 mihi
786 1286 954 1326 videtur.
1002 1287 1213 1326 Praeterea
1242 1287 1406 1327 verbum
1429 1288 1629 1327 revellenda·
1651 1290 1696 1327 ut
1719 1289 1822 1338 apud

289 1343 409 1393 Verg.
430 1343 500 1383 Ov.
520 1344 617 1383 Stat.
638 1346 775 1393 poetas
808 1339 876 1399 (cf.
899 1339 1082 1398 Forcell.)
1115 1358 1203 1384 cum
1232 1346 1337 1385 nudo
1371 1346 1544 1385 ablativo
1575 1346 1820 1386 coniunctum

290 1404 350 1440 est
366 1404 494 1440 1942:
523 1404 596 1441 duo
615 1405 691 1450 fine
703 1404 855 1447 revulsi,
882 1404 1054 1454 itemque
1067 1404 1230 1443 verbum
1242 1405 1510 1453 proficiscendi
1525 1405 1656 1444 2540:
1678 1405 1822 1444 heroico

281 1462 457 1509 profecta
483 1455 589 1514 (scil.
609 1456 779 1514 metra),
816 1462 919 1511 quod
944 1462 1108 1501 verbum
1132 1475 1193 1512 ap.
1215 1461 1291 1502 Cic.
1310 1466 1351 1501 et
1369 1462 1486 1512 Verg.
1504 1463 1576 1502 hoe
1600 1462 1822 1513 significatu

291 1513 358 1571 (cf.
377 1518 519 1568 Georg.
541 1531 569 1557 s,
588 1532 624 1558 v.
645 1518 685 1557 II
703 1519 736 1557 B
763 1515 807 1572 2)
833 1521 1161 1569 praepositionem
1187 1533 1211 1560 a
1235 1521 1349 1571 regit.

404 1577 614 1616 Ablativus
645 1578 832 1627 temporis
862 1591 935 1628 pro
968 1579 1204 1629 accusativo,
1239 1591 1325 1618 cum
1357 1579 1459 1617 actio
1483 1581 1612 1618 totum
1634 1579 1821 1629 temporis

288 1635 458 1684 spatium
482 1636 658 1685 expleat,
682 1637 724 1674 in
746 1650 782 1675 v.
805 1638 914 1675 1291
943 1639 1088 1676 exstat:
1115 1638 1173 1676 bis
1196 1638 1322 1685 quinis
1343 1638 1534 1676 mensibus
1557 1648 1668 1686 aeqer
1683 1638 1822 1686 pendea

287 1695 376 1731 bam
401 1706 431 1732 e.
452 1707 487 1743 q.
508 1706 536 1732 s.
581 1693 656 1739 Qui
681 1695 877 1734 ablativus
903 1695 1007 1744 apud
1036 1695 1187 1744 priscos
1218 1696 1259 1734 et
1282 1696 1482 1746 elegantes
1507 1698 1687 1734 auctores
1706 1695 1823 1735 raris·

287 1751 410 1790 simus
435 1755 506 1799 est,
530 1753 658 1802 magis
677 1752 791 1791 floret
809 1753 914 1802 apud
942 1753 1188 1802 posteriores,
1213 1755 1259 1791 ut
1270 1753 1478 1792 Frontonis
1498 1765 1565 1792 sex
1582 1753 1688 1792 locos
1702 1753 1823 1792 Ebert

285 1822 322 1859 p.
345 1811 397 1848 13
430 1810 590 1849 confert.
616 1810 758 1860 Draeg.
776 1806 814 1848 Ι2
834 1824 869 1860 p.
890 1812 976 1850 534
1007 1823 1037 1850 s.
1055 1824 1092 1849 n.
1122 1813 1176 1850 10
1195 1809 1391 1850 Ciceronis
1412 1813 1455 1859 2,
1480 1810 1587 1851 Caes.
1608 1812 1651 1861 5,
1671 1811 1762 1850 Sall.
1784 1814 1821 1861 1,

285 1867 386 1906 Vell.
407 1870 450 1916 2,
476 1868 562 1906 Val.
581 1868 681 1906 Max.
703 1870 747 1917 2,
778 1868 868 1908 Tac.
890 1872 932 1917 1,
963 1868 1070 1908 Suet.
1091 1870 1115 1906 2
1142 1870 1246 1907 locos
1273 1869 1408 1907 adfert
1432 1871 1473 1907 et
1497 1869 1601 1918 apud
1625 1869 1820 1908 Iustinum

285 1926 326 1964 et
349 1926 583 1974 Eutropium
609 1926 826 1965 ablativum
850 1927 929 1964 iam
954 1927 1108 1975 saepius
1135 1926 1360 1965 accusativo
1385 1927 1552 1965 inveniri
1576 1927 1679 1965 dicit.

401 1983 585 2033 Reliquos
626 1983 820 2023 ablativos
862 1996 1002 2022 causae
1044 1984 1297 2022 instrumenti
1335 1985 1441 2023 modi
1479 1984 1682 2034 qualitatis
1719 1984 1819 2023 limi-

285 2041 447 2080 tationis
480 2042 739 2091 separationis
763 2054 968 2081 mensurae
993 2045 1142 2081 ceteros
1173 2054 1399 2081 enumerare
1423 2042 1585 2092 longum
1610 2045 1671 2081 est
1693 2054 1818 2093 neque

289 2111 430 2149 operae
455 2101 636 2149 pretium.
1594 2099 1598 2102 ’

345 2157 421 2197 Sed
450 2170 554 2197 unus
584 2158 780 2197 notandus
814 2160 892 2198 est:
938 2160 1045 2198 1931
1073 2157 1211 2199 Livius
1234 2159 1297 2198 ille
1320 2161 1424 2198 vetas
1449 2157 1571 2198 Graio
1594 2160 1817 2208 coynomine.

803 2361 867 2397 De
896 2359 1310 2406 praepositionibus.

402 2451 734 2490 Praemittendum
759 2454 820 2490 est
843 2451 933 2489 huic
957 2450 1072 2500 parti,
1096 2452 1144 2488 ut
1167 2450 1209 2488 in
1233 2463 1297 2489 vv.
1324 2450 1432 2489 1931
1461 2451 1502 2488 et
1527 2450 1637 2488 2763
1664 2448 1820 2497 (Livius

284 2510 348 2548 ille
365 2513 469 2548 vetus
483 2509 604 2548 Graio
623 2511 850 2558 coynominc,
867 2521 935 2548 nec
952 2510 1139 2548 mirabere
1156 2509 1327 2557 syllabae
1347 2509 1465 2555 finem
1483 2511 1663 2547 commate
1670 2508 1818 2556 primo)

285 2568 482 2607 ablativus
512 2567 615 2606 nude
648 2580 734 2606 cum
767 2567 1015 2607 substantivo
1045 2567 1153 2605 nullo
1185 2565 1392 2616 participio
1420 2565 1573 2605 adiecto
1598 2565 1817 2615 copulatur,

281 2626 592 2675 praepositiones
623 2626 820 2664 interdum
849 2638 874 2664 a
903 2625 1159 2665 substantivis
1189 2625 1359 2675 pendere
1388 2626 1508 2674 atque
1530 2622 1721 2673 imprimis
1746 2634 1810 2662 ex:

285 2686 366 2722 491
396 2685 583 2733 syllabam
611 2696 679 2723 nec
707 2686 920 2723 invenimus
952 2695 996 2723 m:
1020 2684 1140 2722 tribus
1163 2683 1374 2726 vocalibus,
1409 2683 1490 2721 766
1514 2681 1699 2729 numquid
1719 2681 1818 2720 hanc

285 2743 538 2791 diphthongon
561 2754 646 2791 erqo
671 2754 715 2780 ex
746 2742 786 2780 U
806 2746 840 2780 et
863 2743 893 2780 I
917 2744 972 2781 sic
996 2743 1173 2785 dicimus,
1202 2742 1313 2780 2229
1339 2751 1470 2779 versus
1492 2749 1609 2780 rarus
1630 2739 1750 2778 intrat
1773 2750 1817 2778 m:

285 2802 424 2839 iambis
442 2801 626 2844 amnibus,
655 2801 765 2839 2292
783 2802 914 2848 prima
935 2812 979 2839 ex
998 2801 1136 2844 iambo,
1163 2800 1274 2839 2373
1294 2798 1562 2846 iunxicpedem
1581 2797 1818 2846 trisyllabum

410 2923 444 2967 1)
468 2922 522 2959 cf.
543 2922 677 2968 Draeg.
695 2923 730 2958 1¹
750 2925 836 2966 6153
862 2922 994 2968 Georg.
1014 2933 1127 2958 unum
1151 2921 1224 2957 Cic.
1250 2919 1456 2966 exemplum
1478 2918 1608 2955 adfert.
