1878 3242
515 171 571 209 De
595 170 810 209 Terentiani
835 182 1004 208 sermone
1031 172 1069 208 et
1094 172 1230 208 aetate.
1571 169 1657 212 337

212 287 324 326 1763
357 288 522 334 iuuyuut
553 287 606 325 ad
635 286 879 334 semipedem,
913 286 1026 325 2009
1064 286 1116 324 acl
1147 296 1295 324 comma
1319 284 1367 323 do
1392 284 1658 332 pariambum.

210 340 256 400 2)
283 359 372 385 cum
397 358 492 385 voce
514 347 737 394 proximus:

209 406 295 445 450
321 406 488 444 litteram
511 416 677 453 namque
702 415 722 444 ε
748 405 920 444 videmus
946 416 1024 443 esse
1050 406 1103 444 ad
1126 402 1207 454 ἦτα
1226 404 1459 453 proximam.

210 464 252 503 Si
270 465 376 515 quod
397 465 528 504 solum
546 464 588 502 in
606 463 741 503 lexicis
761 465 988 514 exemplum
1007 466 1156 503 exstat:
1178 464 1304 503 Euod.
1319 463 1424 513 apud
1440 462 1653 513 Augustin.

11 565 13 567 ,
91 539 150 576 ep.
173 525 269 574 158,
292 525 334 563 2:
358 527 403 563 ut
427 525 480 563 ad
502 525 620 572 finem
645 525 745 563 vitae
761 525 968 573 proximus
988 535 1068 563 esse
1087 525 1207 572 coepit
1223 534 1364 573 reapse
1385 522 1515 561 solum
1538 523 1655 573 esset,

91 598 180 626 cum
209 585 282 623 hoc
314 583 607 622 excusationem
639 578 846 636 habeatl),
876 583 1048 622 fortasse
1074 582 1328 622 scribendum
1354 584 1461 621 esset
1486 583 1535 621 ab
1562 578 1655 631 ἦτα,

0 660 22 698 ‚23
90 639 136 683 ut
153 643 416 682 Terentianus
439 642 482 681 in
509 656 544 682 v.
566 644 680 682 2892
706 644 818 681 illum
834 654 958 692 prope
982 644 1031 682 ab
1056 644 1189 681 ultimo
1207 643 1345 691 pedem
1370 641 1470 680 dixit
1497 636 1654 694 (proxi-

0 715 23 745 3
88 715 175 743 mus
199 704 318 742 alicui
344 698 461 756 919).
511 701 589 740 Sed
615 702 736 741 etiam
761 702 969 741 Vitruvius
995 716 1032 752 p.
1055 704 1122 750 91,
1150 703 1194 753 33
1223 702 1319 752 135,
1347 703 1420 752 113
1449 702 1545 751 182,
1573 702 1600 739 4
1621 699 1657 738 R

0 756 20 819 *if
91 759 157 816 (cf.
176 762 384 801 Eberhard
408 775 444 812 p.
467 757 513 814 8)
544 763 750 810 proximus
780 774 869 800 cum
902 763 955 801 ad
985 762 1204 810 coniunxit,
1237 762 1285 799 ut
1310 761 1358 800 de
1384 760 1516 800 verbis
1547 760 1590 798 in
1614 759 1656 798 M

0 815 18 871 ᾗ
95 821 257 861 traditis
282 834 362 861 non
386 821 650 860 dubitandum
678 821 741 859 sit.

209 875 255 935 3)
288 894 377 920 cum
411 881 631 931 gerundivo
668 880 922 920 coniunctum
954 893 978 920 a
1010 880 1263 920 substantivo
1294 879 1454 920 nomine
1489 880 1660 928 facultas

0 940 8 980 :ss
85 942 258 992 pendet:

207 1001 290 1040 806
316 1001 426 1039 nulla
450 1000 620 1049 facultas
644 1000 697 1039 ad
720 1012 857 1039 sonum
882 1001 1069 1039 edendum
1090 1000 1185 1039 data
1205 1003 1268 1039 cst.
1311 999 1424 1038 Idem
1445 999 1551 1049 apud
1572 997 1655 1038 Cic.

89 1060 301 1110 invenitur,
326 1060 374 1100 cf.
393 1074 431 1110 p.
453 1061 536 1099 333
559 1059 648 1098 adn.
672 1061 707 1099 1.

206 1115 253 1173 4)
279 1120 451 1170 gradum
477 1119 627 1169 signat:

208 1180 293 1219 344
318 1180 458 1228 polivit
489 1190 609 1227 usque
639 1180 756 1226 finem
789 1179 840 1218 ad
869 1180 1012 1227 unquis
1043 1180 1241 1223 optimum,
1279 1179 1391 1217 1373
1421 1179 1519 1217 artis
1542 1189 1662 1226 usque

87 1240 143 1289 >ad
165 1240 243 1279 ista
267 1240 448 1284 nescium,
478 1239 591 1278 2386
619 1239 672 1277 ad
696 1240 813 1286 finem
837 1250 982 1287 quoquc
1006 1240 1173 1277 manebit
1197 1239 1306 1277 idem.
1346 1232 1432 1291 (Aa
1450 1250 1522 1288 pro
1542 1249 1661 1285 usquc

93 1299 145 1338 ad
174 1300 411 1348 usurpatum
438 1297 618 1338 Vitruvii
643 1299 777 1337 aetate
803 1298 997 1337 sermonis
1021 1298 1200 1348 vulgaris
1228 1299 1332 1347 erat,
1364 1297 1413 1336 cf.
1439 1297 1660 1348 Eberhard,

93 1358 259 1409 append.
279 1372 318 1408 p.
339 1353 397 1411 3.)

207 1414 253 1470 5)
278 1417 455 1456 modum:

220 1478 331 1517 2399
359 1478 574 1516 trimetrum
599 1478 688 1526 fecit
713 1477 765 1516 ad
782 1477 883 1515 hunc
902 1476 1058 1515 modum
1076 1488 1149 1524 quo
1169 1477 1389 1516 claudicant
1408 1479 1442 1515 et
1458 1476 1499 1515 hi
1516 1487 1663 1520 versus,

108 1537 220 1576 2643
247 1540 291 1576 ut
313 1538 364 1576 sit
387 1549 520 1576 versus
545 1537 598 1576 ad
621 1537 722 1575 huuc
745 1537 912 1580 modum,
939 1537 1052 1575 2911
1081 1548 1214 1575 versus
1238 1536 1299 1575 hic
1324 1537 1376 1575 ad
1393 1536 1494 1575 huuc
1511 1537 1665 1575 modum

99 1597 260 1641 sonabit,
288 1598 400 1635 2709
429 1597 553 1635 attera
576 1597 737 1635 vertitur
763 1597 815 1634 ad
840 1596 956 1644 leyem
980 1596 1145 1634 similem
1170 1596 1379 1635 consimilis
1404 1595 1566 1644 strophe.

2 1653 8 1661 ’
88 1662 93 1667 ’
173 1644 200 1659 ‘
212 1656 388 1695 Medium
409 1657 543 1694 autem
563 1656 738 1694 fortasse
757 1655 863 1694 inter
883 1657 1067 1704 quartam
1082 1657 1122 1694 et
1136 1655 1315 1705 quintam
1333 1655 1663 1705 significationem

0 1751 14 1775 Ξ,
102 1714 233 1754 locum
264 1716 362 1754 haec
391 1715 533 1755 vocula
564 1715 606 1753 in
630 1729 665 1754 v.
687 1715 772 1753 203
805 1715 933 1753 tenet:
974 1714 1010 1752 Τ
1037 1727 1113 1763 qua
1144 1717 1296 1763 superis
1327 1716 1502 1754 dentibus
1524 1716 1663 1754 intima

0 1776 11 1831 Ξ
89 1778 143 1813 est
167 1777 273 1824 oriyo
297 1787 450 1814 summa
475 1776 571 1813 satis
595 1777 649 1813 est
674 1775 726 1813 ad
749 1775 916 1812 sonitum
940 1775 1059 1823 ferire
1082 1775 1228 1823 linqua.

0 1836 8 1843 ‘
206 1834 253 1873 In
283 1834 346 1872 his
376 1834 477 1872 nihil
509 1835 570 1872 est
601 1834 706 1884 quod
731 1833 976 1872 Lachmanni
1008 1833 1196 1872 iudicium
1229 1833 1456 1884 confirmet,
1489 1835 1532 1872 at
1557 1845 1660 1884 quae

90 1892 256 1944 Langen
288 1894 336 1932 de
366 1906 443 1932 usu
473 1892 813 1943 praepositionum
845 1893 1118 1932 Tertullianeo
1151 1893 1335 1945 collegit,
1374 1893 1504 1933 multo
1537 1893 1659 1932 auda-

87 1952 193 1992 ciora
218 1955 322 1992 sunt.

821 2029 925 2067 Ante

88 2120 178 2170 plus
209 2120 342 2160 tricies
374 2120 658 2159 adverbialiter
683 2119 896 2159 adhibetur
921 2122 967 2158 ut
994 2121 1077 2159 217
1107 2121 1302 2159 vocalibus
1327 2123 1414 2169 apte
1439 2121 1542 2159 sedet
1566 2123 1655 2159 ante

84 2182 200 2227 posta
224 2182 386 2224 monetis,
414 2181 496 2219 219
524 2181 627 2219 solas
644 2181 799 2228 patitur
824 2182 1004 2228 Quattuor
1029 2182 1118 2218 autc
1143 2183 1403 2219 consonantes.

821 2304 936 2350 Apud

94 2390 137 2445 in
166 2405 203 2431 v.
228 2393 312 2432 506
345 2394 593 2434 substantivo
624 2394 895 2444 postponitur,
935 2394 984 2432 cf.
1009 2407 1047 2444 p.
1075 2395 1172 2435 334.
1226 2394 1434 2444 Nusquam
1466 2393 1654 2433 insolenti

93 2461 211 2505 sensu
251 2455 482 2503 usurpatur,
529 2454 635 2504 quod
678 2453 723 2492 fit
765 2452 1062 2503 nonnumquam
1098 2453 1204 2503 apud
1248 2454 1566 2504 Tertullianum,
1612 2454 1662 2492 cf.

97 2509 260 2561 Langen
279 2523 310 2551 s.
328 2513 366 2552 b.
385 2526 422 2552 v.

807 2578 956 2615 Contra

16 2643 21 2645 ’
96 2660 295 2705 interdum
318 2665 552 2706 adverbium
578 2667 640 2705 est
664 2667 709 2705 ut
737 2667 864 2718 1120,
893 2667 1019 2717 1164,
1049 2669 1179 2707 1198.

155 2835 157 2837 ·
186 2812 192 2817 ⁴
219 2826 253 2870 1)
276 2823 373 2860 Nam
399 2826 485 2861 ante
512 2826 639 2861 oculos
667 2825 885 2862 obversatur
911 2828 960 2863 ad
984 2828 1090 2872 finem
1113 2839 1229 2874 prope
1253 2829 1431 2874 accedere,
1454 2829 1497 2864 ut
1515 2828 1590 2866 Cic.
1610 2830 1657 2866 de

98 2869 160 2906 fin.
178 2869 240 2916 ΙΙΙ,
262 2876 316 2916 16,
336 2875 381 2907 52
407 2873 574 2919 scripsit:
607 2875 695 2910 ordo
716 2875 884 2919 proxime
909 2875 1058 2920 accedit,
1084 2880 1126 2911 ut
1149 2877 1328 2912 secundus
1351 2877 1419 2920 sit,
1444 2878 1494 2912 ad
1517 2878 1658 2923 reyium

98 2917 365 3012 mqgtvgvp),
393 2920 479 2995 'ubi
522 2919 631 2957 Goon
674 2921 767 2957 falso
813 2922 906 2957 coni.
951 2934 976 2957 a
1019 2924 1117 2968 reyiO
1163 2925 1405 2970 prium-Fau?
1453 2925 1499 2961 Cf·
1538 2925 1658 2963 Hand·
