1878 3242
506 139 560 174 De
585 135 798 173 Terentiani
823 147 989 172 sermone
1015 135 1054 170 et
1078 135 1211 171 aetate.
1551 130 1637 173 305

198 251 340 303 Itaque
366 251 592 290 naturalem
619 248 811 289 sermonis
837 247 1133 298 simplicitatem
1160 246 1299 285 metris
1331 257 1448 295 saepe
1481 246 1636 295 pertur-

80 312 165 351 bari
200 312 314 362 quasi
351 323 375 348 a
404 311 540 349 limine
577 311 882 349 consentaneum
916 310 989 347 est.
1039 307 1151 353 Quod
1189 318 1329 357 reapse
1361 306 1513 343 factum
1551 316 1637 353 esse

80 370 343 410 Terentianus
369 370 453 420 ipse
479 383 568 409 cum
593 369 690 408 alibi
714 371 801 408 tum
825 368 888 407 his
916 366 1048 407 verbis
1074 366 1253 406 confiteri
1276 365 1453 406 videtur:

200 466 283 505 305
301 477 383 515 sqq.
417 466 509 504 dum
534 468 660 504 tamen
685 465 799 503 rebus
822 464 998 506 minutis,
1025 474 1122 510 quas
1138 462 1284 510 pedum
1310 462 1403 500 liber
1429 472 1573 509 quoque

417 526 481 563 vix
505 527 617 572 queat
633 524 814 572 proferre
837 534 959 561 sermo
984 524 1111 560 noster
1136 522 1282 569 offensa
1307 522 1405 564 sine,

418 583 526 622 labili
550 595 663 622 versu
687 583 876 621 ministret
899 583 1089 620 inretusos
1114 583 1245 620 exitus.

82 679 191 718 Idem
217 679 355 717 multis
380 679 499 718 rebus
526 677 776 728 comprobari
801 679 944 727 potest.
982 677 1041 715 Ac
1064 676 1235 726 primum
1262 675 1422 726 quidem
1447 675 1488 712 in
1507 687 1637 713 exem-

81 739 159 789 plis
185 740 226 778 et
250 738 291 776 in
315 738 540 776 nominibus
566 737 737 787 propriis
759 737 998 786 Graecisque
1019 737 1059 774 et
1082 735 1122 773 in
1149 735 1248 774 artis
1268 734 1472 774 vocabulis
1497 734 1638 784 longas

82 798 280 848 corripere
305 797 527 848 brevesque
553 797 769 846 producere
797 797 867 834 aut
891 795 1044 834 hiatum
1079 794 1290 833 admittere
1322 806 1402 832 non
1426 793 1639 843 dubitavit,

81 857 123 895 id
147 857 252 907 quod
277 857 466 906 exemplis
491 856 719 906 inlustrare,
739 855 926 906 quoniam
951 854 999 892 de
1025 866 1067 892 re
1093 854 1260 892 metrica
1283 853 1324 891 in
1350 854 1423 891 hac
1449 852 1637 891 disserta-

80 916 190 954 tione
214 928 293 955 nou
325 928 459 966 agam,
491 927 595 954 nunc
625 915 875 964 supersedeo.
935 913 1086 951 Deinde
1117 907 1324 965 nomina¹)
1357 913 1638 962 nominumque

82 975 229 1014 formas
238 970 272 1027 ²)
293 969 492 1027 genera3),
511 974 552 1012 in
572 973 762 1023 exemplis
782 972 1009 1012 adferendis
1029 966 1202 1024 casus4)‚
1222 973 1345 1011 verba
1354 967 1388 1021 ⁵)
1408 972 1639 1011 verborum-

81 1047 157 1084 que
183 1028 373 1086 formas⁶)
399 1027 590 1085 genera⁷)
616 1026 798 1085 modos⁸)
823 1026 1048 1085 tempora9)
1073 1031 1329 1081 permutavit.
1367 1031 1454 1069 Iam
1479 1031 1520 1069 in
1546 1044 1638 1069 enu-

80 1093 280 1131 merandis
306 1094 426 1131 rebus
452 1094 600 1143 quanta
625 1092 798 1131 varietas
830 1091 1133 1140 coniunctionis,
1165 1103 1284 1140 quam
1309 1091 1444 1129 varius
1477 1091 1635 1129 omnino

80 1152 366 1202 particularum
390 1164 500 1203 usus,
525 1163 644 1201 quam
668 1151 771 1189 mira
796 1150 933 1188 multis
958 1150 1053 1189 locis
1085 1150 1290 1189 collocatio
1323 1149 1632 1199 conspiciuntur.

81 1210 218 1261 Neque
244 1211 382 1250 dubito
407 1211 504 1261 quin
529 1223 719 1260 persaepe
749 1210 846 1249 haec
881 1210 1020 1248 metris
1051 1209 1192 1248 effecta
1223 1209 1314 1248 sint.
1366 1208 1496 1254 Quid?
1530 1208 1634 1259 quod

82 1273 123 1308 et
154 1270 469 1320 praepositiones
501 1270 770 1309 commutavit.
820 1269 984 1319 Semper
1018 1268 1123 1307 enim
1160 1269 1322 1319 longam
1360 1267 1559 1318 syllabam
1595 1269 1638 1307 in

83 1330 184 1368 duas
208 1331 337 1368 breves
361 1331 474 1374 solvi,
500 1329 569 1368 sed
594 1330 636 1367 in
660 1342 721 1368 vv.
746 1330 858 1368 1454
884 1332 924 1367 et
951 1329 1064 1368 2352
1091 1329 1187 1367 solvi
1204 1329 1405 1376 per'duas
1430 1327 1541 1367 dixit.

199 1388 308 1428 Haec
333 1391 467 1427 autem
486 1390 705 1427 metrorum
726 1388 939 1426 difficultas
961 1401 1006 1426 eo
1027 1387 1149 1426 etiam
1169 1390 1352 1437 augetur,
1373 1387 1478 1438 quod
1497 1399 1636 1426 versus

82 1447 248 1486 maiores
274 1447 390 1498 pleno
416 1448 621 1486 enuntiato
649 1447 912 1486 Terentianus
938 1447 1118 1485 claudere
1145 1448 1257 1485 solet.
1296 1446 1399 1484 Nam
1426 1458 1636 1497 quaecum-

81 1519 157 1557 que
188 1509 511 1546 tetrametrorum
543 1507 667 1546 troch.
694 1507 808 1546 catal.
834 1506 1004 1556 paginae
1039 1506 1162 1545 oculis
1195 1506 1512 1556 perlustrantur,
1543 1518 1638 1555 pau-

81 1565 229 1605 cissimi
247 1578 386 1606 versus
405 1566 661 1605 inveniuntur
673 1566 715 1604 in
730 1566 807 1604 fine
819 1565 1151 1615 interpunctionis
1164 1565 1270 1604 notis
1284 1578 1363 1604 non
1376 1564 1563 1603 instructi
1574 1560 1638 1616 ¹⁰),

81 1638 159 1665 non
194 1625 253 1664 ita
285 1626 403 1664 multi
438 1638 508 1675 pro
540 1625 722 1675 portione
753 1626 794 1663 in
825 1625 912 1674 ipso
945 1636 1102 1674 corpore
1130 1626 1241 1663 metri
1272 1625 1466 1674 distincti,
1500 1625 1541 1662 in
1574 1624 1637 1662 his

81 1686 215 1723 autem
240 1685 402 1735 plurimi
426 1685 468 1723 in
486 1685 575 1734 ipsa
594 1697 758 1723 caesura
777 1679 1028 1737 separatiss).
1060 1683 1145 1722 Hac
1164 1684 1290 1734 igitur
1316 1684 1363 1722 de
1383 1695 1503 1722 causa
1521 1696 1639 1733 saepe

203 1834 237 1878 1)
263 1835 306 1868 ut
341 1833 460 1868 mulla
497 1831 746 1869 deminutiva:
784 1833 992 1878 fulyidulus
1015 1833 1206 1876 funiculus
1236 1833 1404 1878 yemellus
1436 1833 1639 1868 Graeculus

37 1918 41 1922 ,
80 1880 210 1916 limula
233 1881 397 1916 litterula
423 1881 613 1926 lonyulus;
639 1881 787 1916 brevem
808 1880 991 1924 syllabam
1017 1883 1109 1914 2198
1131 1892 1301 1925 parvam,
1327 1880 1419 1915 alibi
1444 1881 1639 1915 breviorem

81 1930 147 1964 aut
179 1929 369 1971 minorem,
400 1927 581 1973 liquidam
618 1939 729 1974 saepe
760 1928 890 1971 udam,
928 1930 1019 1962 1249
1046 1929 1212 1971 avidam,
1250 1927 1521 1973 paenultimum
1547 1931 1637 1962 2892

77 1986 191 2020 prope
215 1976 261 2010 ab
287 1976 415 2011 ultimo
434 1977 561 2021 pedem
586 1974 695 2018 dixin
724 1975 770 2011 cf.
792 1974 907 2010 etiam
935 1978 1025 2011 1385
1051 1975 1265 2011 trochaeus.
1289 2003 1296 2011 .
1319 2002 1326 2009 .
1346 1976 1491 2021 syllaba
1511 1976 1640 2021 lorcyus

78 2024 214 2068 priore,
232 2024 384 2068 parcior
408 2024 618 2067 novissima,
643 2023 719 2058 alia
743 2023 874 2058 multa.

198 2072 234 2113 2)
260 2070 442 2116 imprimis
467 2070 700 2106 accusativos
725 2069 765 2105 in
790 2081 853 2105 -on
877 2070 1013 2107 finitos.

198 2118 234 2163 3)
259 2118 301 2152 ut
322 2118 410 2162 finis
434 2129 578 2164 semper
597 2117 743 2162 generis
770 2118 965 2153 masculini
985 2119 1043 2154 est
1067 2118 1215 2163 praeter
1236 2130 1268 2155 v.
1284 2121 1377 2153 2083
1398 2114 1522 2154 demta
1538 2118 1636 2162 finis,

197 2167 235 2208 4)
260 2164 313 2202 Cf.
341 2177 373 2201 v.
394 2168 462 2200 218
489 2176 573 2200 cum
597 2177 630 2200 v·
653 2167 731 2201 785.

199 2213 236 2258 5)
261 2215 302 2248 ut
324 2223 451 2249 vocare
475 2214 649 2255 vocitare,
673 2214 863 2249 nominare
896 2224 1108 2258 memorare,
1139 2214 1268 2259 iuyare
1293 2213 1458 2258 iungycre,
1486 2213 1640 2257 suscipit

83 2262 172 2295 1186
198 2276 243 2289 ==
268 2261 414 2305 excipit,
439 2260 515 2295 alia
539 2261 659 2295 multa
683 2260 728 2296 cf.
757 2260 870 2296 etiam
895 2273 931 2306 p.
953 2263 1021 2296 307
1036 2273 1116 2306 sqq.

199 2308 235 2351 6)
262 2309 304 2342 ut
326 2309 404 2350 stet,
429 2312 660 2353 coeperimus,
685 2308 951 2351 sustulerimus,
975 2309 1100 2344 dixere
1126 2307 1274 2344 similia.

200 2355 234 2400 7)
259 2353 313 2390 cf.
337 2358 403 2389 112
429 2366 567 2391 neeesse
591 2359 641 2390 est
666 2358 780 2391 tenere
805 2356 911 2391 labra
936 2357 1169 2401 linquamque
1195 2383 1202 2390 .
1224 2383 1232 2391 .
1254 2383 1261 2391 .
1285 2382 1292 2390 .
1318 2355 1453 2390 reduci.

198 2405 236 2447 8)
262 2401 314 2437 cf.
338 2406 427 2438 1365
454 2403 628 2447 δίβραχυν
653 2403 777 2438 dixere
803 2403 936 2438 Graeci
960 2404 1056 2449 quod
1080 2405 1138 2438 sit
1164 2403 1338 2438 ambabus
1364 2403 1490 2438 brevt's.

197 2452 233 2491 9)
259 2447 313 2484 Cf.
335 2453 426 2485 1209
451 2451 599 2495 quando
623 2450 753 2486 residet
778 2454 810 2485 et
833 2451 1073 2495 yenzinaverit
1099 2480 1106 2487 .
1134 2476 1142 2484 .
1170 2479 1177 2486 .
1203 2451 1383 2486 reddetur.

177 2498 234 2540 10)
260 2495 414 2542 Saepius
440 2496 478 2531 in
506 2497 577 2531 fine
604 2496 910 2542 distinguendum
935 2500 1010 2542 ests
1029 2500 1071 2533 ut
1096 2509 1130 2532 v.
1151 2500 1219 2532 406
1234 2508 1314 2542 sqq.
1339 2496 1441 2542 lego:

172 2577 238 2602 nce
259 2567 335 2611 fuit
359 2568 476 2613 lonyis
500 2568 668 2614 iuyanda
692 2579 713 2602 υ
742 2569 811 2613 (rel
835 2567 888 2613 M)
915 2569 1030 2604 brevis
1053 2569 1240 2604 vocalibus
1265 2569 1459 2614 (vocalium
1487 2567 1557 2612 M),

173 2615 317 2661 syllaba
341 2618 382 2651 ut
407 2615 645 2660 diphtho‘nqos
669 2616 736 2650 illa
762 2615 856 2660 (ulla
883 2616 934 2660 M)
961 2620 1158 2661 temporum
1182 2616 1280 2660 fieret
1306 2617 1429 2651 trium.

172 2672 248 2697 non
271 2663 326 2697 ita
350 2666 418 2706 est,
442 2673 507 2698 nec
530 2664 654 2707 prima
678 2663 798 2708 lonqis
822 2674 844 2697 υ
871 2663 970 2698 dedit
993 2664 1189 2707 nativitas,

173 2709 362 2755 utriusque
385 2720 508 2746 verum
533 2710 635 2755 oriyo
659 2711 740 2745 iure
765 2710 1007 2756 diphthongos
1032 2711 1115 2755 suit.

82 2778 212 2815 Adhuc
236 2780 322 2826 post
344 2781 487 2827 syllaba
512 2782 550 2816 et
573 2781 780 2826 utriusque,
812 2791 886 2816 non
918 2781 1006 2817 ante
1042 2781 1351 2827 distinguebatur.
1401 2780 1491 2817 Post
1514 2792 1547 2817 v.
1568 2784 1634 2816 201

84 2824 168 2862 Keil
191 2830 371 2873 punctum
396 2828 532 2864 omisit.

176 2876 234 2919 11)
260 2874 429 2911 Editores
455 2876 525 2911 hoc
551 2875 737 2912 interdum
763 2887 838 2912 non
863 2875 954 2911 satis
974 2877 1234 2921 respexerunt3
1263 2887 1332 2922 ego
1352 2879 1421 2913 486
1448 2876 1533 2922 post
1551 2887 1638 2913 sem-

77 2929 156 2966 per,
179 2932 253 2958 non
278 2924 364 2958 ante
389 2923 631 2969 interpungo3
658 2922 750 2961 item
775 2924 814 2959 in
839 2922 1056 2959 hexametro
1085 2927 1173 2959 1081
1202 2924 1317 2960 verba
1342 2935 1434 2970 quas
1458 2925 1540 2960 (lixi
1564 2925 1638 2970 pri-
