1942 3262
736 498 1046 547 Praefatio.

228 678 345 717 Anno
384 677 771 717 MDCCCLXXXXI
819 677 1092 717 universitatis
1136 678 1357 718 Bonnensis
1400 678 1674 729 amplissimus-

110 738 437 788 philosophorum
475 738 571 776 ordo
613 738 681 787 qui
722 738 944 787 proximum
988 737 1216 776 litterarum
1256 740 1454 776 certamen
1497 738 1669 777 subituri

109 799 244 836 essent
267 796 460 847 philologi
488 796 721 835 Terentiani
747 796 878 835 Mauri
903 798 1078 835 aetatem
1106 799 1290 835 accurata
1315 797 1506 836 sermonis
1531 798 1668 836 metri-

111 869 188 907 que
221 855 499 896 observatione
537 856 744 912 exquirere
781 855 916 906 iussit,
955 857 1075 905 atque
1112 856 1205 894 anni
1242 855 1487 906 insequentis
1533 869 1668 895 mense

110 917 294 966 Augusto
329 915 415 954 eius
446 915 788 957 commentationis
821 927 939 964 quarn
969 927 1075 952 nunc
1106 915 1146 952 in
1178 915 1361 953 manibus
1393 915 1518 954 habes
1544 915 1668 965 scrip-

110 978 237 1014 torem
257 974 432 1024 praemio
452 973 676 1012 donandum
697 985 782 1012 esse
803 973 968 1025 censuit.
993 973 1133 1023 Neque
1146 975 1282 1012 tamen
1300 974 1405 1012 idem
1423 977 1484 1013 est
1497 974 1670 1013 libellus.

110 1033 313 1073 Nonnulla
346 1032 452 1071 enim
483 1032 624 1082 postea
654 1032 806 1082 addidi,
838 1032 971 1082 plura,
1009 1044 1059 1070 ne
1098 1031 1254 1082 longior
1284 1032 1399 1071 fieret
1429 1033 1668 1083 dissertatio,

110 1105 215 1132 nunc
240 1092 368 1142 omisi,
391 1094 512 1142 atque
537 1087 732 1142 imprimis
760 1104 818 1142 ea,
844 1103 944 1142 quae
971 1091 1022 1129 ad
1047 1093 1219 1130 aetatem
1239 1092 1445 1142 scriptoris
1466 1092 1671 1142 exquiren-

111 1152 202 1191 dam
227 1151 358 1190 minus
384 1151 584 1201 valerent,
618 1153 663 1189 ut
686 1150 855 1189 indicem
881 1150 1094 1202 verborum
1126 1150 1463 1201 memorabilium,
1487 1151 1556 1201 qui
1580 1152 1670 1200 plus

110 1211 274 1250 tertiam
307 1210 652 1250 commentationis
689 1212 854 1260 partem*
883 1210 1238 1260 complectebatur,
1275 1211 1316 1248 et
1351 1211 1479 1249 totam
1515 1213 1669 1260 partem

110 1271 330 1310 metricam.
476 1308 479 1310 .

230 1330 336 1368 Nam
365 1328 738 1368 ratiocinationibus
773 1341 798 1367 a
826 1342 870 1367 re
908 1328 1074 1366 metrica
1109 1327 1248 1378 petitis
1280 1330 1453 1367 aetatem
1484 1328 1669 1367 carminis

118 1388 253 1427 Latini
279 1389 441 1434 definire
462 1401 550 1427 cum
570 1388 729 1427 omnino
748 1390 836 1426 tum
860 1387 902 1425 in
920 1387 994 1426 hac
1013 1387 1244 1437 quaestione
1264 1387 1362 1426 satis
1381 1387 1578 1426 lubricum
1598 1390 1670 1437 est,

116 1448 302 1499 quoniam
335 1450 375 1486 et
406 1447 581 1486 carmina
604 1449 697 1497 post
720 1447 951 1486 Iuvenalem
977 1446 1146 1485 saeculis
1172 1446 1341 1485 secundo
1366 1448 1408 1484 et
1425 1447 1544 1486 tertio
1564 1447 1671 1486 facta

111 1519 296 1558 magnam
327 1508 484 1557 partem
515 1507 753 1545 interierunt
783 1509 824 1545 et
853 1517 918 1544 ars
944 1506 1211 1544 Romanorum
1241 1505 1407 1544 metrica
1436 1506 1516 1544 iam
1541 1507 1668 1544 multo

112 1570 204 1608 ante
230 1567 387 1605 exculta
418 1567 521 1616 erat,
552 1568 601 1604 ut
633 1566 683 1603 ad
716 1565 894 1615 priorum
919 1567 1127 1614 poetarum
1152 1565 1332 1614 exempla
1355 1565 1446 1615 plus
1471 1565 1602 1604 minus
1628 1577 1670 1603 se

113 1626 361 1676 applicarent
395 1625 648 1675 posteriores.
716 1625 776 1662 Ea
807 1624 912 1663 enim
955 1626 1042 1662 erat
1082 1623 1258 1663 condicio
1297 1624 1429 1673 poesis
1468 1623 1670 1663 Romanae

114 1684 406 1735 posterioribus
437 1683 703 1734 temporibus,
734 1685 782 1722 ut
807 1686 848 1722 et
872 1683 1127 1733 antiquorum
1150 1694 1312 1722 normae
1338 1685 1378 1722 et
1401 1683 1586 1722 licentiae
1611 1696 1669 1721 re-

117 1743 338 1783 centiorum
362 1755 443 1782 una
473 1743 690 1792 eademque
723 1744 856 1781 aetate
888 1744 928 1781 et
954 1743 1260 1781 observarentur
1285 1744 1326 1780 et
1349 1742 1670 1793 neglegerentur,

115 1805 207 1853 post
243 1814 384 1843 versus
423 1802 714 1841 semibarbaros
753 1802 899 1840 exculti
932 1813 1072 1840 rursus
1110 1801 1351 1851 expolitique
1387 1803 1669 1851 pangerentur,

117 1865 252 1901 certus
278 1864 414 1901 autem
439 1873 672 1911 progressus
706 1862 746 1899 in
771 1861 953 1900 versibus
986 1860 1200 1899 artificiose
1225 1860 1510 1899 constituendis
1537 1872 1668 1910 saepe-

111 1934 276 1960 numero
302 1920 476 1970 conspici
499 1922 685 1971 nequeat.

231 1980 371 2031 Neque
395 1993 490 2019 vero
523 1992 624 2030 quae
657 1979 705 2019 de
738 1979 968 2018 elisionibus
1001 1980 1074 2017 aut
1104 1978 1152 2016 de
1178 1978 1346 2028 synizesi
1380 1980 1451 2017 aut
1476 1978 1524 2017 de
1550 1979 1670 2028 sylla-

115 2040 259 2079 barum
283 2039 481 2079 mensuris
507 2039 747 2089 coHegeram
765 2050 870 2076 nunc
890 2037 1035 2088 addidi,
1061 2050 1150 2076 cum
1172 2037 1292 2076 etiam
1312 2050 1359 2075 ex
1377 2038 1439 2075 his
1458 2050 1524 2076 ars
1542 2038 1669 2087 magis

119 2111 241 2150 quam
268 2101 379 2138 aetas
405 2101 677 2150 cognoscatur.
727 2097 833 2136 'Nam
862 2109 913 2135 ne
939 2109 961 2135 0
988 2096 1146 2146 quidem
1176 2097 1336 2135 litterae
1360 2095 1490 2135 finalis
1516 2109 1563 2135 ex
1589 2109 1672 2134 cor-

111 2159 311 2209 reptione,
346 2158 460 2197 unico
493 2157 599 2208 quod
631 2159 774 2197 vocant
806 2157 1038 2195 documento
1070 2155 1184 2194 firmo
1216 2157 1402 2205 certoque
1433 2155 1484 2194 ad
1509 2155 1670 2194 circum-

113 2217 361 2257 scribendam
388 2217 628 2266 scriptorum
657 2218 842 2264 aetatem,
866 2215 975 2253 aliud
1000 2214 1210 2265 quicquam
1241 2216 1348 2253 certe
1373 2214 1671 2253 demonstratur

113 2275 192 2316 nisi
215 2277 321 2327 quod
346 2276 501 2315 ostendi
525 2287 605 2314 non
640 2286 738 2325 opus
771 2275 874 2312 erat:
906 2273 1189 2312 Terentianum
1214 2273 1401 2312 Iuvenale
1428 2285 1514 2312 esse
1538 2275 1668 2322 poste-

119 2336 276 2375 riorem.
324 2334 465 2385 Itaque
505 2334 554 2373 de
591 2334 730 2373 metris
762 2327 992 2371 Terentiani
1028 2332 1101 2371 hoc
1131 2333 1217 2371 loco
1248 2332 1289 2369 id
1321 2334 1477 2370 tantum
1508 2344 1668 2370 monere

114 2394 235 2436 liceat
258 2406 388 2445 neque
414 2395 631 2432 metrorum
663 2395 790 2431 artem
816 2404 943 2442 neque
975 2403 1180 2430 mensuras
1217 2391 1462 2441 syllabarum
1487 2403 1555 2429 eas
1580 2403 1668 2428 esse

114 2453 265 2501 videri,
296 2456 343 2491 ut
367 2452 629 2491 Terentianus
660 2454 752 2501 post
778 2450 830 2489 Μ.
859 2450 1066 2489 Aurelium
1097 2450 1378 2499 imperatorem
1410 2450 1533 2488 libros
1565 2462 1666 2488 com·

114 2513 296 2563 posuisse
322 2511 542 2551 censendus
568 2511 633 2550 sit.
