1878 3242
295 136 379 177 308
949 134 989 169 A.
1015 133 1162 168 Werth:

296 241 515 283 convenim
548 246 630 282 874
657 244 734 282 uda
760 244 924 281 see-anda
942 255 1068 290 paene
1096 243 1186 281 solis
1211 244 1378 280 convenit
1401 242 1613 287 vocalibus,·
1643 241 1825 281 similiter

353 316 414 351 ap.
440 302 527 340 Ter.
554 301 628 339 Cic.
657 301 748 340 Sall.
779 301 876 350 Nep.
902 301 1014 350 Plin.‚
1039 302 1086 339 cf.
1113 299 1252 347 Georg.
1277 300 1350 337 lex.
1370 311 1399 338 s.
1418 313 1454 338 v.
1472 299 1514 338 11
1535 299 1573 338 A
1598 301 1622 338 2
1637 310 1676 338 α.

296 356 490 410 copulare
510 372 626 408 saepe
646 359 863 396 invenitur:
891 360 986 408 974,
1007 360 1103 405 995,
1125 359 1249 407 1321,
1272 359 1535 408 1331,1541,
1554 359 1679 409 2021,
1700 358 1824 409 2292,

356 420 479 461 2297,
507 419 631 465 2318,
660 418 783 467 2326,
811 418 936 455 2572.
1862 427 1863 430 ¹

295 471 547 526 †subditum
578 482 745 512 currere
780 476 902 523 1156,
931 476 1054 522 1196,
1082 475 1205 512 1226.

296 532 393 571 ante
419 536 486 571 aut
510 530 606 582 post
637 528 736 570 dare
762 545 876 580 saepe
901 532 1111 571 invenitur.

295 589 484 640 excipere
519 593 640 629 1193.
1856 635 1860 638 Α

296 646 444 698 iugare
464 652 505 686 et
522 646 715 698 iungere:
742 651 954 697 utrumque
973 648 1135 686 verbum
1156 647 1383 697 saepissime
1402 648 1624 696 adhibetur,
1643 650 1689 687 ut
1706 647 1825 698 signi·
1855 698 1858 699 ⁷

355 708 458 745 ficet:
485 707 692 744 adnectere
718 719 798 743 rem
825 706 894 755 rei,
920 709 1120 744 conectere
1145 708 1278 756 partes
1303 706 1380 756 rei,
1405 709 1607 746 conectere
1633 719 1714 745 rem
1739 718 1828 756 par-
1862 657 1878 783 ἓ

353 765 470 802 tibus.
501 765 603 802 idem
629 765 737 803 valet
761 765 808 802 de
834 764 1054 813 insequenti
1078 765 1210 804 verbo.
1861 774 1878 814 ἱ,

299 819 437 872 ligare
458 839 510 853 =
532 824 726 861 adnectere
745 824 841 869 375,
863 824 960 873 841,
980 824 1082 871 8553
1102 838 1158 853 =
1178 826 1362 861 conectere
1381 825 1448 871 20,
1468 825 1564 873 815,
1585 823 1680 871 931,
1702 816 1825 873 1785,
1869 815 1878 872 ξ

356 883 486 931 2031,
510 882 583 919 hoc
602 881 765 920 verbum
791 883 882 930 post
906 883 1044 930 poetas
1070 883 1291 930 temporum
1309 882 1482 931 Augusti
1507 881 1628 920 etiam
1653 881 1694 919 in
1711 892 1827 931 prosa

354 940 531 978 oratione
555 940 764 978 invenitur.
1865 948 1878 961 ³¹

294 995 391 1035 ante
417 1000 485 1035 aut
508 994 605 1047 post
629 993 780 1036 locare.

294 1054 458 1093 nectere
478 1071 533 1085 =
553 1057 746 1094 adnectere
772 1057 853 1094 539
881 1059 921 1094 et
948 1057 1043 1095 808.

294 1112 555 1164 postponere.
1863 1124 1878 1177 {⁷

294 1167 540 1221 praecedere
567 1174 680 1211 2290
703 1173 904 1220 praecedet
928 1184 1013 1220 erqo
1037 1173 1190 1220 quando
1215 1184 1295 1211 cres
1319 1174 1543 1219 iambicam;
1568 1173 1641 1211 hoc
1665 1171 1825 1211 verbum

355 1232 458 1280 apud
485 1230 560 1268 Cic.
587 1230 679 1268 Sall.
706 1230 802 1279 Nep.
823 1231 914 1268 Tac.
939 1243 1017 1268 non
1042 1233 1182 1282 exstat,
1208 1231 1327 1269 semel
1353 1231 1457 1281 apud
1475 1231 1699 1280 Caesarem3
1722 1229 1828 1280 apud
1866 1234 1878 1283 ,ξ

354 1289 510 1327 Livium
537 1292 576 1326 et
600 1290 837 1337 posteriores
863 1289 1128 1327 accusativum
1153 1289 1268 1338 regit,
1293 1289 1341 1328 cf.
1372 1289 1498 1327 Krebs
1523 1301 1553 1327 s·
1573 1302 1608 1328 v.
1870 1303 1878 1343 'j

300 1341 556 1397 †praeditus
582 1363 636 1377 =
663 1350 749 1385 ante
782 1348 924 1385 locatus
957 1349 1056 1394 159,
1084 1349 1186 1398 291,
1221 1349 1323 1397 533,
1349 1348 1451 1397 544,
1478 1348 1578 1398 632,
1605 1349 1706 1397 704,
1733 1348 1828 1397 717,

357 1407 451 1455 729,
479 1406 574 1454 753,
603 1407 696 1455 792,
725 1406 848 1452 1015,
876 1407 1006 1455 20753
1037 1405 1152 1444 huius
1178 1418 1272 1444 usus
1305 1406 1482 1455 exempla
1511 1405 1634 1444 lexica
1657 1417 1735 1444 non
1757 1405 1827 1444 ad-
1877 1409 1878 1412 ’

355 1463 505 1513 ferunt,
538 1463 604 1501 sed
636 1476 756 1500 unum
790 1463 999 1501 Frontonis
1031 1464 1176 1511 locum,
1208 1465 1395 1512 quat-tuor
1428 1463 1591 1513 Apulei,
1621 1462 1688 1501 ubi
1723 1463 1827 1502 idem

354 1521 461 1559 valet
485 1522 588 1569 quod
607 1523 861 1569 praepositas.
912 1521 989 1560 Sed
1015 1523 1123 1560 2691
1153 1522 1255 1572 quod
1285 1521 1450 1571 legitur:
1481 1533 1640 1569 quorum
1670 1521 1827 1569 (cami-

354 1579 463 1625 nam)
490 1580 642 1617 eoeordia
669 1591 753 1617 cum
770 1581 952 1627 praedita
975 1580 1127 1623 videris,
1145 1580 1259 1618 stabit
1283 1581 1500 1618 continuum
1525 1578 1719 1628 (metrum)
1744 1590 1828 1618 eon-

354 1638 471 1675 simili
490 1638 609 1680 modo,
629 1637 723 1675 ferri
739 1649 852 1686 posse
866 1637 961 1675 mihi
974 1650 1051 1675 non
1064 1637 1237 1686 videtur,
1256 1638 1403 1676 conicio
1415 1638 1573 1686 prodita
1586 1639 1654 1676 aut
1666 1637 1825 1676 reddita.

298 1694 522 1744 †praeesse
557 1696 668 1734 1330
703 1697 719 1733 i
743 1699 776 1734 et
799 1708 826 1733 u
861 1707 938 1734 mm
969 1696 1037 1734 hoc
1059 1696 1252 1739 valebunt,
1282 1698 1361 1734 sive
1382 1697 1559 1744 praesint
1587 1695 1714 1745 alteri,
1745 1694 1769 1734 i.
1795 1707 1827 1733 e.

357 1753 606 1802 praepositae
632 1754 727 1802 sint3
751 1766 943 1803 nusquam
970 1754 1151 1791 similiter
1175 1755 1398 1802 usurpatur.

297 1806 558 1860 †praefe1·re:
589 1813 803 1849 metrorum
828 1811 986 1848 licentia
1017 1823 1110 1849 usus
1138 1812 1220 1849 944
1252 1811 1366 1849 dixit:
1399 1811 1462 1857 (X
1488 1810 1630 1858 littera)
1655 1812 1828 1850 consonis

348 1870 571 1916 praefertur
595 1872 740 1911 autem,
766 1881 850 1906 cum
875 1869 1061 1916 dirempta
1084 1870 1231 1916 syllaba
1257 1872 1310 1907 est
1339 1870 1503 1907 nominis
1532 1870 1678 1907 verbive
1707 1870 1827 1912 cuius,

355 1939 438 1964 cam
458 1927 612 1964 Latinis
635 1938 757 1964 sermo
782 1928 847 1969 sit,
874 1927 1031 1974 expuli
1056 1938 1140 1964 cum
1165 1927 1246 1965 dico
1269 1923 1335 1978 (de
1361 1926 1672 1976 interpunctione
1690 1938 1826 1965 versus

357 1986 440 2023 945
461 1985 508 2022 cf.
527 1984 694 2022 indicem
713 1984 1045 2034 praepositionum
1064 1996 1093 2022 s.
1112 1997 1147 2022 v.
1167 1979 1288 2038 eum),
1313 1997 1438 2034 neque
1458 1984 1560 2023 enim
1579 1985 1630 2023 ab
1647 1983 1736 2023 aliis
1755 1984 1828 2023 hoc

355 2043 516 2080 verbum
545 2042 599 2080 sic
622 2045 846 2091 usurpatur.

297 2095 572 2150 †praeficere:
603 2103 817 2139 metrorum
841 2113 960 2139 causa
983 2100 1120 2139 formis
1145 2099 1362 2150 trisyllabis
1386 2101 1567 2148 praeficit
1584 2102 1641 2139 'et
1663 2101 1828 2148 praefici

356 2158 614 2197 Terentianus
638 2158 852 2198 insolenter
885 2159 934 2197 ad
959 2158 1135 2197 ordinem
1161 2158 1385 2197 litterarum
1410 2157 1709 2208 significandum
1733 2169 1827 2197 usus

354 2220 415 2254 est
441 2218 537 2265 648,
563 2217 659 2266 872,
686 2217 781 2262 885,
808 2218 903 2265 912,
931 2218 1025 2255 935.

295 2270 536 2323 praelocare
566 2275 740 2313 litteram
767 2276 862 2322 290,
889 2277 984 2321 501,
1021 2275 1196 2314 litteram
1222 2275 1379 2314 litterae
1406 2276 1507 2323 529,
1534 2276 1636 2324 6433
1674 2285 1827 2324 semper

356 2362 379 2367 ..
402 2350 427 2366 υ
450 2362 472 2366 -
496 2342 520 2367 ῦ
543 2336 634 2371 ante
661 2345 862 2371 caesuram
888 2333 1100 2382 septenarii
1126 2333 1329 2375 trochaici.
1355 2333 1544 2372 Similiter
1568 2332 1779 2371 adhibetur
1800 2342 1826 2369 a

355 2390 469 2428 Mart.
498 2390 588 2439 Cap.
609 2390 646 2427 V
672 2392 775 2441 522,
801 2391 991 2429 translate
1016 2391 1065 2429 ab
1090 2391 1315 2441 Augustino
1341 2391 1388 2429 de
1413 2404 1498 2442 gen.
1525 2391 1574 2430 ad
1598 2391 1674 2429 litt.
1694 2391 1732 2440 7,
1758 2389 1824 2428 1⁷.

296 2445 603 2499 †praemittere
618 2449 801 2495 litteram,
816 2461 985 2498 versum,
1005 2450 1087 2487 sim.
1103 2465 1157 2480 =
1170 2461 1406 2497 praeponere
1414 2462 1427 2495 ,·
1445 2452 1601 2498 praeter
1612 2446 1822 2487 infinitivus

348 2509 591 2554 praemittere
610 2508 694 2545 514
715 2512 755 2545 et
775 2508 886 2546 2977
908 2511 948 2545 et
964 2509 1162 2555 praemitti
1183 2509 1263 2546 671
1287 2508 1357 2552 (Μ
1370 2506 1559 2556 permitti)
1578 2503 1821 2556 participium

348 2567 588 2612 praemissas
616 2566 709 2615 725,
738 2566 861 2614 1803,
890 2567 1014 2615 1933,
1041 2567 1165 2613 1940,
1193 2567 1304 2605 2712
1331 2566 1478 2615 legitur
1501 2561 1710 2616 (nusquam
1734 2572 1822 2600 eum

356 2623 434 2661 dat.
459 2618 740 2675 coniungitur).
784 2624 890 2673 Ergo
915 2627 1113 2672 voryesetzt
1137 2636 1255 2662 seusu
1280 2623 1396 2662 locali
1420 2622 1524 2673 apud
1548 2618 1823 2660 Terentianum

355 2685 426 2719 aut
445 2683 644 2729 praeditus
669 2684 739 2719 aut
758 2682 998 2730 praemissus
1022 2685 1100 2731 est,
1124 2684 1243 2732 prout
1266 2683 1392 2721 metro
1415 2680 1626 2731 flagitatur.
1666 2676 1726 2715 Ne
1750 2676 1823 2715 hoc

356 2740 513 2787 quidem
527 2740 688 2778 verbum
709 2739 758 2777 ab
779 2739 867 2778 aliis
887 2741 1023 2779 eodem
1038 2752 1156 2778 sensu
1170 2740 1394 2789 adhibetur,
1413 2738 1460 2777 cf.
1475 2737 1589 2776 etism
1605 2734 1731 2774 Krebs
1744 2747 1774 2774 s.
1788 2746 1823 2773 v.

297 2804 550 2846 praeponere
575 2799 731 2847 saepius
758 2802 801 2836 ut
825 2799 930 2847 apud
955 2798 1122 2847 optimos
1148 2798 1367 2847 scriptores.

300 2852 435 2903 sequi,
455 2856 500 2893 cf.
523 2856 686 2893 indicem
707 2856 1037 2905 praepositionum
1065 2868 1092 2895 s.
1114 2869 1147 2895 v.
1165 2859 1266 2905 post.
