<?xml version="1.0" encoding="UTF-8"?>
<!DOCTYPE html PUBLIC "-//W3C//DTD XHTML 1.0 Transitional//EN"
    "http://www.w3.org/TR/xhtml1/DTD/xhtml1-transitional.dtd">
<html xmlns="http://www.w3.org/1999/xhtml" xml:lang="en" lang="en">
 <head>
  <title>
</title>
<meta http-equiv="Content-Type" content="text/html;charset=utf-8" />
  <meta name='ocr-system' content='tesseract 3.04.00' />
  <meta name='ocr-capabilities' content='ocr_page ocr_carea ocr_par ocr_line ocrx_word'/>
</head>
<body>
  <div class='ocr_page' id='page_1' title='image "./deterentianiserm00wertuoft_0074.png"; bbox 0 0 1878 3242; ppageno 0'>
   <div class='ocr_carea' id='block_1_1' title="bbox 287 0 1878 2834">
    <p class='ocr_par' dir='ltr' id='par_1_1' title="bbox 287 0 1878 372">
     <span class='ocr_line' id='line_1_1' title="bbox 287 0 1878 316; baseline -0.002 -117"><span class='ocrx_word' id='word_1_1' title='bbox 287 164 374 206; x_wconf 86' lang='lat'><strong>360</strong></span> <span class='ocrx_word' id='word_1_2' title='bbox 943 162 976 198; x_wconf 94' lang='lat' dir='ltr'><strong>A</strong></span> <span class='ocrx_word' id='word_1_3' title='bbox 1012 163 1140 199; x_wconf 88' lang='lat' dir='ltr'><strong>Werth</strong></span> <span class='ocrx_word' id='word_1_4' title='bbox 1831 0 1878 316; x_wconf 48' lang='grc'>1</span> 
     </span>
     <span class='ocr_line' id='line_1_2' title="bbox 288 273 1819 324; baseline -0.001 -10"><span class='ocrx_word' id='word_1_5' title='bbox 288 276 411 314; x_wconf 87' lang='lat' dir='ltr'><strong>Andr.</strong></span> <span class='ocrx_word' id='word_1_6' title='bbox 431 276 513 314; x_wconf 88' lang='grc'><strong>483</strong></span> <span class='ocrx_word' id='word_1_7' title='bbox 541 275 620 312; x_wconf 89' lang='lat' dir='ltr'><strong>und</strong></span> <span class='ocrx_word' id='word_1_8' title='bbox 646 274 710 312; x_wconf 92' lang='lat' dir='ltr'><strong>bei</strong></span> <span class='ocrx_word' id='word_1_9' title='bbox 735 273 846 324; x_wconf 64' lang='lat' dir='ltr'><strong>Gen,</strong></span> <span class='ocrx_word' id='word_1_10' title='bbox 871 273 943 312; x_wconf 91' lang='lat' dir='ltr'><strong>mit</strong></span> <span class='ocrx_word' id='word_1_11' title='bbox 977 277 1055 312; x_wconf 79' lang='lat' dir='ltr'><strong>tum</strong></span> <span class='ocrx_word' id='word_1_12' title='bbox 1086 275 1218 312; x_wconf 74' lang='lat' dir='ltr'><strong>demde</strong></span> <span class='ocrx_word' id='word_1_13' title='bbox 1246 273 1308 312; x_wconf 88' lang='lat' dir='ltr'><strong>bei</strong></span> <span class='ocrx_word' id='word_1_14' title='bbox 1342 273 1415 311; x_wconf 88' lang='lat' dir='ltr'><strong>deu</strong></span> <span class='ocrx_word' id='word_1_15' title='bbox 1443 273 1694 313; x_wconf 83' lang='lat' dir='ltr'><strong>Archaisteu:</strong></span> <span class='ocrx_word' id='word_1_16' title='bbox 1735 273 1819 312; x_wconf 89' lang='lat' dir='ltr'><strong>hier</strong></span> 
     </span>
     <span class='ocr_line' id='line_1_3' title="bbox 287 320 1878 372; baseline -0.002 0"><span class='ocrx_word' id='word_1_17' title='bbox 287 335 414 372; x_wconf 83' lang='lat' dir='ltr'><strong>haben</strong></span> <span class='ocrx_word' id='word_1_18' title='bbox 439 333 511 371; x_wconf 87' lang='lat' dir='ltr'><strong>wir</strong></span> <span class='ocrx_word' id='word_1_19' title='bbox 534 346 582 371; x_wconf 89' lang='lat' dir='ltr'><strong>zu</strong></span> <span class='ocrx_word' id='word_1_20' title='bbox 606 332 809 371; x_wconf 88' lang='lat' dir='ltr'><strong>meidende</strong></span> <span class='ocrx_word' id='word_1_21' title='bbox 834 332 1090 371; x_wconf 86' lang='lat' dir='ltr'><strong>Pleonasmen</strong></span> <span class='ocrx_word' id='word_1_22' title='bbox 1115 327 1412 371; x_wconf 86' lang='lat' dir='ltr'><strong>anzunehmen&#39;.</strong></span> <span class='ocrx_word' id='word_1_23' title='bbox 1867 320 1878 370; x_wconf 68' lang='grc' dir='ltr'><strong>’ἓ</strong></span> 
     </span>
    </p>

    <p class='ocr_par' dir='ltr' id='par_1_2' title="bbox 288 386 1878 734">
     <span class='ocr_line' id='line_1_4' title="bbox 402 386 1878 441; baseline -0.001 -12"><span class='ocrx_word' id='word_1_24' title='bbox 402 387 588 440; x_wconf 74' lang='lat' dir='ltr'><strong>Denique</strong></span> <span class='ocrx_word' id='word_1_25' title='bbox 615 392 696 430; x_wconf 90' lang='lat'>645</span> <span class='ocrx_word' id='word_1_26' title='bbox 724 389 879 430; x_wconf 81' lang='lat' dir='ltr'><em>Aeolica</em></span> <span class='ocrx_word' id='word_1_27' title='bbox 900 403 992 439; x_wconf 72' lang='lat' dir='ltr'><strong>qens</strong></span> <span class='ocrx_word' id='word_1_28' title='bbox 1017 387 1104 429; x_wconf 70' lang='lat' dir='ltr'><strong>tuuc</strong></span> <span class='ocrx_word' id='word_1_29' title='bbox 1128 392 1343 439; x_wconf 76' lang='lat' dir='ltr'><strong>diqammon</strong></span> <span class='ocrx_word' id='word_1_30' title='bbox 1367 391 1524 438; x_wconf 77' lang='lat' dir='ltr'><strong>denique</strong></span> <span class='ocrx_word' id='word_1_31' title='bbox 1542 391 1648 429; x_wconf 83' lang='lat' dir='ltr'><strong>illam</strong></span> <span class='ocrx_word' id='word_1_32' title='bbox 1670 392 1815 438; x_wconf 79' lang='lat' dir='ltr'><strong>scripti·</strong></span> <span class='ocrx_word' id='word_1_33' title='bbox 1870 386 1878 441; x_wconf 64' lang='lat' dir='ltr'><strong>l</strong></span> 
     </span>
     <span class='ocr_line' id='line_1_5' title="bbox 288 445 1878 498; baseline -0.002 -10"><span class='ocrx_word' id='word_1_34' title='bbox 288 454 351 489; x_wconf 74' lang='lat' dir='ltr'><strong>tac.</strong></span> <span class='ocrx_word' id='word_1_35' title='bbox 413 448 470 488; x_wconf 85' lang='lat' dir='ltr'><strong>cf.</strong></span> <span class='ocrx_word' id='word_1_36' title='bbox 500 449 617 488; x_wconf 83' lang='lat' dir='ltr'><strong>Hand</strong></span> <span class='ocrx_word' id='word_1_37' title='bbox 640 449 788 488; x_wconf 89' lang='grc'>11273</span> <span class='ocrx_word' id='word_1_38' title='bbox 819 449 861 487; x_wconf 89' lang='lat' dir='ltr'><strong>in</strong></span> <span class='ocrx_word' id='word_1_39' title='bbox 891 461 927 487; x_wconf 95' lang='grc' dir='ltr'><strong>ιι.</strong></span> <span class='ocrx_word' id='word_1_40' title='bbox 951 448 1009 487; x_wconf 89' lang='lat' dir='ltr'><strong>IV</strong></span> <span class='ocrx_word' id='word_1_41' title='bbox 1037 452 1079 487; x_wconf 88' lang='lat'>1:</span> <span class='ocrx_word' id='word_1_42' title='bbox 1123 445 1174 487; x_wconf 76' lang='lat' dir='ltr'><strong>‘A</strong></span> <span class='ocrx_word' id='word_1_43' title='bbox 1205 449 1373 488; x_wconf 85' lang='lat' dir='ltr'><strong>secundo</strong></span> <span class='ocrx_word' id='word_1_44' title='bbox 1405 462 1442 498; x_wconf 89' lang='lat' dir='ltr'><strong>p.</strong></span> <span class='ocrx_word' id='word_1_45' title='bbox 1474 447 1561 487; x_wconf 77' lang='lat' dir='ltr'><strong>Chr.</strong></span> <span class='ocrx_word' id='word_1_46' title='bbox 1591 461 1628 487; x_wconf 93' lang='grc' dir='ltr'><strong>ιι.</strong></span> <span class='ocrx_word' id='word_1_47' title='bbox 1659 449 1815 487; x_wconf 81' lang='lat' dir='ltr'><strong>saeculo</strong></span> <span class='ocrx_word' id='word_1_48' title='bbox 1872 454 1878 483; x_wconf 70' lang='grc' dir='ltr'><strong>ἒ</strong></span> 
     </span>
     <span class='ocr_line' id='line_1_6' title="bbox 292 504 1878 558; baseline -0.001 -11"><span class='ocrx_word' id='word_1_49' title='bbox 292 509 500 558; x_wconf 80' lang='lat' dir='ltr'><strong>scriptores</strong></span> <span class='ocrx_word' id='word_1_50' title='bbox 526 508 684 556; x_wconf 81' lang='lat' dir='ltr'><strong>quidam</strong></span> <span class='ocrx_word' id='word_1_51' title='bbox 716 508 774 546; x_wconf 84' lang='lat' dir='ltr'><strong>ita</strong></span> <span class='ocrx_word' id='word_1_52' title='bbox 805 509 961 555; x_wconf 75' lang='lat' dir='ltr'><strong>denique</strong></span> <span class='ocrx_word' id='word_1_53' title='bbox 991 508 1253 557; x_wconf 78' lang='lat' dir='ltr'><strong>usuipabant,</strong></span> <span class='ocrx_word' id='word_1_54' title='bbox 1290 509 1334 546; x_wconf 91' lang='lat' dir='ltr'><strong>ut</strong></span> <span class='ocrx_word' id='word_1_55' title='bbox 1363 507 1492 556; x_wconf 80' lang='lat' dir='ltr'><strong>posita</strong></span> <span class='ocrx_word' id='word_1_56' title='bbox 1522 506 1654 556; x_wconf 81' lang='lat' dir='ltr'><strong>aliqua</strong></span> <span class='ocrx_word' id='word_1_57' title='bbox 1683 519 1726 545; x_wconf 87' lang='lat' dir='ltr'><strong>re</strong></span> <span class='ocrx_word' id='word_1_58' title='bbox 1755 507 1818 545; x_wconf 90' lang='lat' dir='ltr'><strong>de·</strong></span> <span class='ocrx_word' id='word_1_59' title='bbox 1871 504 1878 522; x_wconf 89' lang='grc'><strong>“·</strong></span> 
     </span>
     <span class='ocr_line' id='line_1_7' title="bbox 292 564 1878 616; baseline -0.002 -10"><span class='ocrx_word' id='word_1_60' title='bbox 292 567 614 606; x_wconf 77' lang='lat' dir='ltr'><strong>monstrationem</strong></span> <span class='ocrx_word' id='word_1_61' title='bbox 644 568 972 615; x_wconf 78' lang='lat' dir='ltr'><strong>persequerentur</strong></span> <span class='ocrx_word' id='word_1_62' title='bbox 1003 566 1091 604; x_wconf 83' lang='lat' dir='ltr'><strong>aliis</strong></span> <span class='ocrx_word' id='word_1_63' title='bbox 1125 566 1367 616; x_wconf 79' lang='lat' dir='ltr'><strong>argumentis</strong></span> <span class='ocrx_word' id='word_1_64' title='bbox 1397 565 1462 604; x_wconf 84' lang='lat' dir='ltr'><strong>vel</strong></span> <span class='ocrx_word' id='word_1_65' title='bbox 1492 564 1711 614; x_wconf 86' lang='lat' dir='ltr'><strong>exemplis</strong></span> <span class='ocrx_word' id='word_1_66' title='bbox 1741 595 1749 603; x_wconf 91' lang='lat'><strong>.</strong></span> <span class='ocrx_word' id='word_1_67' title='bbox 1776 594 1785 603; x_wconf 93' lang='lat'><strong>.</strong></span> <span class='ocrx_word' id='word_1_68' title='bbox 1873 566 1878 611; x_wconf 56' lang='grc' dir='ltr'>ἶ</span> 
     </span>
     <span class='ocr_line' id='line_1_8' title="bbox 290 620 1822 674; baseline -0.002 -9.996"><span class='ocrx_word' id='word_1_69' title='bbox 290 629 330 665; x_wconf 76' lang='lat' dir='ltr'><strong>in</strong></span> <span class='ocrx_word' id='word_1_70' title='bbox 355 626 471 674; x_wconf 74' lang='lat' dir='ltr'><strong>Folyc</strong></span> <span class='ocrx_word' id='word_1_71' title='bbox 495 624 810 664; x_wconf 72' lang='lat' dir='ltr'><strong>dessensFlor.1</strong></span> <span class='ocrx_word' id='word_1_72' title='bbox 832 626 896 672; x_wconf 98' lang='lat'><strong>16,</strong></span> <span class='ocrx_word' id='word_1_73' title='bbox 917 625 956 674; x_wconf 88' lang='lat'><strong>5,</strong></span> <span class='ocrx_word' id='word_1_74' title='bbox 974 623 1114 662; x_wconf 87' lang='lat' dir='ltr'><strong>Iustin.</strong></span> <span class='ocrx_word' id='word_1_75' title='bbox 1132 624 1187 662; x_wconf 89' lang='lat' dir='ltr'><strong>IX</strong></span> <span class='ocrx_word' id='word_1_76' title='bbox 1207 620 1318 672; x_wconf 89' lang='lat'>4,1.&#39;</span> <span class='ocrx_word' id='word_1_77' title='bbox 1359 623 1473 662; x_wconf 85' lang='lat' dir='ltr'><strong>Adde</strong></span> <span class='ocrx_word' id='word_1_78' title='bbox 1499 623 1725 662; x_wconf 83' lang='lat' dir='ltr'><strong>Scaevolam</strong></span> <span class='ocrx_word' id='word_1_79' title='bbox 1749 622 1822 661; x_wconf 85' lang='lat' dir='ltr'><strong>Pa·</strong></span> 
     </span>
     <span class='ocr_line' id='line_1_9' title="bbox 290 681 1506 734; baseline -0.002 -12"><span class='ocrx_word' id='word_1_80' title='bbox 290 684 493 734; x_wconf 86' lang='lat' dir='ltr'><strong>pinianum</strong></span> <span class='ocrx_word' id='word_1_81' title='bbox 517 683 731 733; x_wconf 85' lang='lat' dir='ltr'>Ulpianum</span> <span class='ocrx_word' id='word_1_82' title='bbox 756 682 854 721; x_wconf 81' lang='lat' dir='ltr'><strong>alios</strong></span> <span class='ocrx_word' id='word_1_83' title='bbox 879 681 1012 732; x_wconf 81' lang='lat' dir='ltr'><strong>ICtos3</strong></span> <span class='ocrx_word' id='word_1_84' title='bbox 1038 682 1085 721; x_wconf 86' lang='lat' dir='ltr'><strong>cf.</strong></span> <span class='ocrx_word' id='word_1_85' title='bbox 1111 682 1224 732; x_wconf 83' lang='lat' dir='ltr'><strong>Kalb,</strong></span> <span class='ocrx_word' id='word_1_86' title='bbox 1249 682 1296 722; x_wconf 82' lang='lat' dir='ltr'><strong>R.</strong></span> <span class='ocrx_word' id='word_1_87' title='bbox 1321 683 1357 721; x_wconf 89' lang='lat' dir='ltr'><strong>J.</strong></span> <span class='ocrx_word' id='word_1_88' title='bbox 1383 695 1420 731; x_wconf 87' lang='lat' dir='ltr'><strong>p.</strong></span> <span class='ocrx_word' id='word_1_89' title='bbox 1441 683 1506 720; x_wconf 84' lang='lat'><strong>20.</strong></span> 
     </span>
    </p>

    <p class='ocr_par' dir='ltr' id='par_1_3' title="bbox 405 713 1824 794">
     <span class='ocr_line' id='line_1_10' title="bbox 405 713 1824 794; baseline -0.001 -14"><span class='ocrx_word' id='word_1_90' title='bbox 405 739 541 780; x_wconf 78' lang='lat' dir='ltr'><strong>Donec</strong></span> <span class='ocrx_word' id='word_1_91' title='bbox 568 737 641 794; x_wconf 92' lang='lat'><strong>(=</strong></span> <span class='ocrx_word' id='word_1_92' title='bbox 669 736 744 794; x_wconf 82' lang='lat' dir='ltr'><strong>bis)</strong></span> <span class='ocrx_word' id='word_1_93' title='bbox 769 753 861 780; x_wconf 83' lang='lat' dir='ltr'><strong>oum</strong></span> <span class='ocrx_word' id='word_1_94' title='bbox 886 741 982 780; x_wconf 89' lang='lat' dir='ltr'><strong>coni.</strong></span> <span class='ocrx_word' id='word_1_95' title='bbox 1009 742 1064 780; x_wconf 90' lang='lat'><strong>30</strong></span> <span class='ocrx_word' id='word_1_96' title='bbox 1090 743 1131 780; x_wconf 90' lang='lat' dir='ltr'><strong>et</strong></span> <span class='ocrx_word' id='word_1_97' title='bbox 1155 713 1265 780; x_wconf 81' lang='grc'>2299</span> <span class='ocrx_word' id='word_1_98' title='bbox 1299 736 1364 792; x_wconf 82' lang='lat' dir='ltr'><strong>(cf.</strong></span> <span class='ocrx_word' id='word_1_99' title='bbox 1390 739 1568 779; x_wconf 80' lang='lat' dir='ltr'><strong>Schmalz</strong></span> <span class='ocrx_word' id='word_1_100' title='bbox 1593 751 1654 789; x_wconf 87' lang='lat' dir='ltr'><strong>ap.</strong></span> <span class='ocrx_word' id='word_1_101' title='bbox 1678 740 1746 778; x_wconf 89' lang='lat' dir='ltr'><strong>Iw.</strong></span> <span class='ocrx_word' id='word_1_102' title='bbox 1785 740 1824 779; x_wconf 83' lang='lat' dir='ltr'>M</span> 
     </span>
    </p>

    <p class='ocr_par' dir='ltr' id='par_1_4' title="bbox 296 794 1826 971">
     <span class='ocr_line' id='line_1_11' title="bbox 405 794 1826 910; baseline -0.001 -13"><span class='ocrx_word' id='word_1_103' title='bbox 405 794 568 898; x_wconf 78' lang='grc' dir='ltr'>ΒΠ(1)11Π1</span> <span class='ocrx_word' id='word_1_104' title='bbox 594 861 678 898; x_wconf 95' lang='grc'><strong>770</strong></span> <span class='ocrx_word' id='word_1_105' title='bbox 705 853 779 910; x_wconf 90' lang='lat'><strong>(=</strong></span> <span class='ocrx_word' id='word_1_106' title='bbox 799 859 890 896; x_wconf 80' lang='lat' dir='ltr'><strong>ante</strong></span> <span class='ocrx_word' id='word_1_107' title='bbox 914 859 996 897; x_wconf 87' lang='lat'><strong>150</strong></span> <span class='ocrx_word' id='word_1_108' title='bbox 1015 847 1183 910; x_wconf 87' lang='lat' dir='ltr'><strong>versus),</strong></span> <span class='ocrx_word' id='word_1_109' title='bbox 1212 858 1321 896; x_wconf 89' lang='grc'>1269</span> <span class='ocrx_word' id='word_1_110' title='bbox 1344 851 1420 909; x_wconf 88' lang='lat'><strong>(=</strong></span> <span class='ocrx_word' id='word_1_111' title='bbox 1441 858 1531 896; x_wconf 80' lang='lat' dir='ltr'><strong>ante</strong></span> <span class='ocrx_word' id='word_1_112' title='bbox 1554 859 1636 897; x_wconf 93' lang='lat'>100</span> <span class='ocrx_word' id='word_1_113' title='bbox 1655 851 1826 910; x_wconf 83' lang='lat' dir='ltr'><strong>versus),</strong></span> 
     </span>
     <span class='ocr_line' id='line_1_12' title="bbox 296 911 1825 971; baseline -0.002 -15"><span class='ocrx_word' id='word_1_114' title='bbox 296 919 408 957; x_wconf 87' lang='grc'>2943</span> <span class='ocrx_word' id='word_1_115' title='bbox 435 911 509 971; x_wconf 93' lang='lat'><strong>(=</strong></span> <span class='ocrx_word' id='word_1_116' title='bbox 530 920 620 955; x_wconf 88' lang='lat' dir='ltr'><strong>ante</strong></span> <span class='ocrx_word' id='word_1_117' title='bbox 642 918 725 956; x_wconf 89' lang='lat'><strong>350</strong></span> <span class='ocrx_word' id='word_1_118' title='bbox 744 911 914 969; x_wconf 88' lang='lat' dir='ltr'><strong>versus).</strong></span> <span class='ocrx_word' id='word_1_119' title='bbox 938 916 1065 955; x_wconf 85' lang='lat' dir='ltr'><strong>Plaut.</strong></span> <span class='ocrx_word' id='word_1_120' title='bbox 1087 916 1173 954; x_wconf 87' lang='lat' dir='ltr'><strong>Ter.</strong></span> <span class='ocrx_word' id='word_1_121' title='bbox 1194 915 1272 954; x_wconf 82' lang='lat' dir='ltr'><strong>Cic.</strong></span> <span class='ocrx_word' id='word_1_122' title='bbox 1292 916 1406 966; x_wconf 92' lang='lat' dir='ltr'><strong>Apul.</strong></span> <span class='ocrx_word' id='word_1_123' title='bbox 1427 915 1567 954; x_wconf 88' lang='lat' dir='ltr'><strong>Iustin.</strong></span> <span class='ocrx_word' id='word_1_124' title='bbox 1589 915 1756 965; x_wconf 81' lang='lat' dir='ltr'><strong>Capitol.</strong></span> <span class='ocrx_word' id='word_1_125' title='bbox 1776 916 1825 954; x_wconf 86' lang='lat' dir='ltr'><strong>al.</strong></span> 
     </span>
    </p>

    <p class='ocr_par' dir='ltr' id='par_1_5' title="bbox 292 972 1828 1143">
     <span class='ocr_line' id='line_1_13' title="bbox 407 972 1826 1024; baseline -0.001 -10"><span class='ocrx_word' id='word_1_126' title='bbox 407 972 512 1014; x_wconf 88' lang='lat' dir='ltr'><strong>Dum</strong></span> <span class='ocrx_word' id='word_1_127' title='bbox 538 976 684 1014; x_wconf 88' lang='lat' dir='ltr'><strong>usitate</strong></span> <span class='ocrx_word' id='word_1_128' title='bbox 709 975 930 1013; x_wconf 82' lang='lat' dir='ltr'><strong>adhibetur.</strong></span> <span class='ocrx_word' id='word_1_129' title='bbox 971 975 1025 1013; x_wconf 90' lang='lat' dir='ltr'><strong>Ut</strong></span> <span class='ocrx_word' id='word_1_130' title='bbox 1050 975 1153 1024; x_wconf 86' lang='lat' dir='ltr'><strong>apud</strong></span> <span class='ocrx_word' id='word_1_131' title='bbox 1174 974 1434 1024; x_wconf 89' lang='lat' dir='ltr'><strong>Pomponium</strong></span> <span class='ocrx_word' id='word_1_132' title='bbox 1453 972 1593 1012; x_wconf 87' lang='lat' dir='ltr'><strong>Gaium</strong></span> <span class='ocrx_word' id='word_1_133' title='bbox 1613 973 1826 1023; x_wconf 84' lang='lat' dir='ltr'><strong>Ulpianum</strong></span> 
     </span>
     <span class='ocr_line' id='line_1_14' title="bbox 294 1032 1828 1074; baseline -0.002 -1"><span class='ocrx_word' id='word_1_134' title='bbox 294 1035 460 1073; x_wconf 85' lang='lat' dir='ltr'><strong>Paulum</strong></span> <span class='ocrx_word' id='word_1_135' title='bbox 478 1033 592 1074; x_wconf 86' lang='lat' dir='ltr'><strong>ICtos</strong></span> <span class='ocrx_word' id='word_1_136' title='bbox 617 1034 659 1072; x_wconf 94' lang='lat' dir='ltr'><strong>in</strong></span> <span class='ocrx_word' id='word_1_137' title='bbox 677 1047 712 1073; x_wconf 88' lang='lat' dir='ltr'><strong>v.</strong></span> <span class='ocrx_word' id='word_1_138' title='bbox 734 1035 817 1073; x_wconf 90' lang='lat'><strong>305</strong></span> <span class='ocrx_word' id='word_1_139' title='bbox 844 1033 1002 1072; x_wconf 88' lang='lat' dir='ltr'><strong>notione</strong></span> <span class='ocrx_word' id='word_1_140' title='bbox 1027 1032 1284 1072; x_wconf 82' lang='lat' dir='ltr'><strong>condicionali</strong></span> <span class='ocrx_word' id='word_1_141' title='bbox 1303 1045 1390 1071; x_wconf 91' lang='lat' dir='ltr'><strong>cum</strong></span> <span class='ocrx_word' id='word_1_142' title='bbox 1410 1032 1682 1072; x_wconf 85' lang='lat' dir='ltr'><strong>coniunctione</strong></span> <span class='ocrx_word' id='word_1_143' title='bbox 1701 1035 1828 1071; x_wconf 80' lang='lat' dir='ltr'><strong>tamen</strong></span> 
     </span>
     <span class='ocr_line' id='line_1_15' title="bbox 292 1092 1017 1143; baseline -0.004 -10"><span class='ocrx_word' id='word_1_144' title='bbox 292 1094 518 1143; x_wconf 73' lang='lat' dir='ltr'><strong>copulatur-3</strong></span> <span class='ocrx_word' id='word_1_145' title='bbox 544 1093 590 1131; x_wconf 86' lang='lat' dir='ltr'><strong>cf.</strong></span> <span class='ocrx_word' id='word_1_146' title='bbox 619 1092 736 1142; x_wconf 83' lang='lat' dir='ltr'><strong>Kalb,</strong></span> <span class='ocrx_word' id='word_1_147' title='bbox 759 1092 805 1131; x_wconf 79' lang='lat' dir='ltr'><strong>R..</strong></span> <span class='ocrx_word' id='word_1_148' title='bbox 830 1092 866 1130; x_wconf 92' lang='lat' dir='ltr'><strong>J.</strong></span> <span class='ocrx_word' id='word_1_149' title='bbox 893 1106 928 1141; x_wconf 92' lang='lat' dir='ltr'><strong>p.</strong></span> <span class='ocrx_word' id='word_1_150' title='bbox 952 1093 1017 1130; x_wconf 88' lang='lat'><strong>34.</strong></span> 
     </span>
    </p>

    <p class='ocr_par' dir='ltr' id='par_1_6' title="bbox 290 1148 1828 1259">
     <span class='ocr_line' id='line_1_16' title="bbox 403 1148 1828 1198; baseline -0.001 -9"><span class='ocrx_word' id='word_1_151' title='bbox 403 1148 509 1190; x_wconf 87' lang='lat' dir='ltr'><strong>Dum</strong></span> <span class='ocrx_word' id='word_1_152' title='bbox 545 1151 775 1190; x_wconf 81' lang='lat' dir='ltr'><strong>adverbium</strong></span> <span class='ocrx_word' id='word_1_153' title='bbox 811 1153 872 1189; x_wconf 89' lang='lat' dir='ltr'><strong>est</strong></span> <span class='ocrx_word' id='word_1_154' title='bbox 905 1151 987 1189; x_wconf 88' lang='grc'><strong>819</strong></span> <span class='ocrx_word' id='word_1_155' title='bbox 1013 1161 1089 1188; x_wconf 80' lang='lat' dir='ltr'><strong>non</strong></span> <span class='ocrx_word' id='word_1_156' title='bbox 1114 1152 1248 1198; x_wconf 78' lang='lat' dir='ltr'><strong>priore</strong></span> <span class='ocrx_word' id='word_1_157' title='bbox 1277 1151 1342 1189; x_wconf 84' lang='lat' dir='ltr'><strong>sed</strong></span> <span class='ocrx_word' id='word_1_158' title='bbox 1373 1150 1538 1189; x_wconf 71' lang='lat' dir='ltr'><strong>semmda</strong></span> <span class='ocrx_word' id='word_1_159' title='bbox 1564 1150 1655 1188; x_wconf 85' lang='lat' dir='ltr'><strong>dum</strong></span> <span class='ocrx_word' id='word_1_160' title='bbox 1680 1150 1828 1188; x_wconf 77' lang='lat' dir='ltr'><strong>Latina</strong></span> 
     </span>
     <span class='ocr_line' id='line_1_17' title="bbox 290 1211 519 1259; baseline -0.013 -8"><span class='ocrx_word' id='word_1_161' title='bbox 290 1214 332 1251; x_wconf 78' lang='lat' dir='ltr'><strong>in</strong></span> <span class='ocrx_word' id='word_1_162' title='bbox 362 1211 519 1259; x_wconf 66' lang='lat' dir='ltr'><strong>syllaba.</strong></span> 
     </span>
    </p>

    <p class='ocr_par' dir='ltr' id='par_1_7' title="bbox 289 1264 1829 1668">
     <span class='ocr_line' id='line_1_18' title="bbox 413 1264 1829 1316; baseline -0.001 -10"><span class='ocrx_word' id='word_1_163' title='bbox 413 1264 643 1306; x_wconf 75' lang='lat' dir='ltr'><strong>Dumtaxat</strong></span> <span class='ocrx_word' id='word_1_164' title='bbox 678 1264 728 1305; x_wconf 79' lang='lat' dir='ltr'><strong>ut</strong></span> <span class='ocrx_word' id='word_1_165' title='bbox 757 1267 798 1306; x_wconf 90' lang='lat' dir='ltr'><strong>in</strong></span> <span class='ocrx_word' id='word_1_166' title='bbox 827 1281 863 1306; x_wconf 87' lang='lat' dir='ltr'><strong>v.</strong></span> <span class='ocrx_word' id='word_1_167' title='bbox 886 1269 996 1307; x_wconf 84' lang='lat'>2074</span> <span class='ocrx_word' id='word_1_168' title='bbox 1022 1280 1093 1316; x_wconf 91' lang='lat' dir='ltr'><strong>pro</strong></span> <span class='ocrx_word' id='word_1_169' title='bbox 1118 1268 1316 1306; x_wconf 82' lang='lat' dir='ltr'><strong>dummodo</strong></span> <span class='ocrx_word' id='word_1_170' title='bbox 1347 1266 1567 1305; x_wconf 79' lang='lat' dir='ltr'><strong>adhibetur.</strong></span> <span class='ocrx_word' id='word_1_171' title='bbox 1615 1266 1829 1305; x_wconf 78' lang='lat' dir='ltr'><strong>Dumtaxat</strong></span> 
     </span>
     <span class='ocr_line' id='line_1_19' title="bbox 296 1325 1826 1380; baseline -0.002 -14"><span class='ocrx_word' id='word_1_172' title='bbox 296 1327 502 1380; x_wconf 83' lang='lat' dir='ltr'><strong>particula,</strong></span> <span class='ocrx_word' id='word_1_173' title='bbox 528 1338 605 1376; x_wconf 84' lang='lat' dir='ltr'><strong>qua</strong></span> <span class='ocrx_word' id='word_1_174' title='bbox 629 1325 825 1364; x_wconf 85' lang='lat' dir='ltr'><strong>sententia</strong></span> <span class='ocrx_word' id='word_1_175' title='bbox 849 1326 1126 1376; x_wconf 83' lang='lat' dir='ltr'><strong>restringatur,</strong></span> <span class='ocrx_word' id='word_1_176' title='bbox 1144 1338 1193 1364; x_wconf 90' lang='lat' dir='ltr'><strong>ne</strong></span> <span class='ocrx_word' id='word_1_177' title='bbox 1218 1326 1367 1375; x_wconf 86' lang='lat' dir='ltr'><strong>priores</strong></span> <span class='ocrx_word' id='word_1_178' title='bbox 1393 1337 1703 1374; x_wconf 84' lang='lat' dir='ltr'><strong>commemorem,</strong></span> <span class='ocrx_word' id='word_1_179' title='bbox 1721 1325 1826 1374; x_wconf 80' lang='lat' dir='ltr'><strong>apud</strong></span> 
     </span>
     <span class='ocr_line' id='line_1_20' title="bbox 292 1382 1826 1435; baseline -0.002 -11"><span class='ocrx_word' id='word_1_180' title='bbox 292 1385 598 1433; x_wconf 77' lang='lat' dir='ltr'><strong>Quintilianum,</strong></span> <span class='ocrx_word' id='word_1_181' title='bbox 622 1385 721 1423; x_wconf 89' lang='lat' dir='ltr'><strong>Plin.</strong></span> <span class='ocrx_word' id='word_1_182' title='bbox 749 1397 826 1435; x_wconf 92' lang='lat' dir='ltr'><strong>ep.,</strong></span> <span class='ocrx_word' id='word_1_183' title='bbox 852 1384 1101 1435; x_wconf 87' lang='lat' dir='ltr'><strong>Suetonium,</strong></span> <span class='ocrx_word' id='word_1_184' title='bbox 1126 1384 1285 1423; x_wconf 85' lang='lat' dir='ltr'><strong>Florum</strong></span> <span class='ocrx_word' id='word_1_185' title='bbox 1318 1383 1535 1434; x_wconf 86' lang='lat' dir='ltr'><strong>invenitur;</strong></span> <span class='ocrx_word' id='word_1_186' title='bbox 1574 1383 1620 1422; x_wconf 86' lang='lat' dir='ltr'><strong>cf.</strong></span> <span class='ocrx_word' id='word_1_187' title='bbox 1648 1383 1763 1421; x_wconf 87' lang='lat' dir='ltr'><strong>Hand</strong></span> <span class='ocrx_word' id='word_1_188' title='bbox 1787 1382 1826 1421; x_wconf 93' lang='lat' dir='ltr'><strong>II</strong></span> 
     </span>
     <span class='ocr_line' id='line_1_21' title="bbox 291 1414 1823 1496; baseline -0.003 -12"><span class='ocrx_word' id='word_1_189' title='bbox 291 1461 328 1496; x_wconf 87' lang='lat' dir='ltr'><strong>p.</strong></span> <span class='ocrx_word' id='word_1_190' title='bbox 351 1446 432 1485; x_wconf 90' lang='lat'><strong>337</strong></span> <span class='ocrx_word' id='word_1_191' title='bbox 461 1444 532 1482; x_wconf 91' lang='lat' dir='ltr'><strong>sub</strong></span> <span class='ocrx_word' id='word_1_192' title='bbox 557 1456 594 1481; x_wconf 90' lang='lat' dir='ltr'><strong>n.</strong></span> <span class='ocrx_word' id='word_1_193' title='bbox 615 1445 652 1482; x_wconf 93' lang='grc'><strong>6.</strong></span> <span class='ocrx_word' id='word_1_194' title='bbox 695 1443 806 1481; x_wconf 85' lang='lat' dir='ltr'><strong>Adde</strong></span> <span class='ocrx_word' id='word_1_195' title='bbox 833 1443 931 1480; x_wconf 87' lang='lat' dir='ltr'><strong>duos</strong></span> <span class='ocrx_word' id='word_1_196' title='bbox 955 1442 1165 1482; x_wconf 82' lang='lat' dir='ltr'><strong>Frontonis</strong></span> <span class='ocrx_word' id='word_1_197' title='bbox 1191 1443 1308 1491; x_wconf 85' lang='lat' dir='ltr'><strong>locos,</strong></span> <span class='ocrx_word' id='word_1_198' title='bbox 1332 1442 1401 1481; x_wconf 88' lang='lat' dir='ltr'><strong>sed</strong></span> <span class='ocrx_word' id='word_1_199' title='bbox 1425 1414 1616 1492; x_wconf 62' lang='lat' dir='ltr'><strong>Apuleius</strong></span> <span class='ocrx_word' id='word_1_200' title='bbox 1641 1442 1714 1480; x_wconf 88' lang='lat' dir='ltr'><strong>hac</strong></span> <span class='ocrx_word' id='word_1_201' title='bbox 1738 1453 1823 1491; x_wconf 81' lang='lat' dir='ltr'><strong>par-</strong></span> 
     </span>
     <span class='ocr_line' id='line_1_22' title="bbox 294 1495 1824 1553; baseline -0.003 -10"><span class='ocrx_word' id='word_1_202' title='bbox 294 1505 418 1543; x_wconf 86' lang='lat' dir='ltr'><strong>ticula</strong></span> <span class='ocrx_word' id='word_1_203' title='bbox 459 1515 535 1541; x_wconf 89' lang='lat' dir='ltr'><strong>non</strong></span> <span class='ocrx_word' id='word_1_204' title='bbox 579 1502 717 1540; x_wconf 91' lang='lat' dir='ltr'><strong>utitur</strong></span> <span class='ocrx_word' id='word_1_205' title='bbox 796 1501 843 1539; x_wconf 90' lang='lat' dir='ltr'><strong>In</strong></span> <span class='ocrx_word' id='word_1_206' title='bbox 884 1501 1134 1550; x_wconf 86' lang='lat' dir='ltr'><strong>inscriptione</strong></span> <span class='ocrx_word' id='word_1_207' title='bbox 1173 1500 1268 1540; x_wconf 89' lang='lat' dir='ltr'><strong>CIL.</strong></span> <span class='ocrx_word' id='word_1_208' title='bbox 1299 1501 1335 1539; x_wconf 94' lang='lat' dir='ltr'>X</span> <span class='ocrx_word' id='word_1_209' title='bbox 1369 1502 1450 1539; x_wconf 86' lang='lat'>114</span> <span class='ocrx_word' id='word_1_210' title='bbox 1489 1495 1570 1553; x_wconf 88' lang='lat'><strong>(=</strong></span> <span class='ocrx_word' id='word_1_211' title='bbox 1596 1500 1824 1550; x_wconf 88' lang='lat' dir='ltr'><strong>Mommsen,</strong></span> 
     </span>
     <span class='ocr_line' id='line_1_23' title="bbox 289 1555 1822 1611; baseline -0.003 -10"><span class='ocrx_word' id='word_1_212' title='bbox 289 1563 408 1602; x_wconf 89' lang='lat' dir='ltr'><strong>Inscr.</strong></span> <span class='ocrx_word' id='word_1_213' title='bbox 429 1562 474 1599; x_wconf 89' lang='lat' dir='ltr'><strong>R.</strong></span> <span class='ocrx_word' id='word_1_214' title='bbox 493 1561 615 1610; x_wconf 87' lang='lat' dir='ltr'><strong>Neap.</strong></span> <span class='ocrx_word' id='word_1_215' title='bbox 637 1555 711 1611; x_wconf 85' lang='lat'><strong>79)</strong></span> <span class='ocrx_word' id='word_1_216' title='bbox 736 1560 853 1610; x_wconf 91' lang='lat' dir='ltr'><strong>paulo</strong></span> <span class='ocrx_word' id='word_1_217' title='bbox 873 1563 963 1609; x_wconf 88' lang='lat' dir='ltr'><strong>post</strong></span> <span class='ocrx_word' id='word_1_218' title='bbox 982 1559 1194 1598; x_wconf 87' lang='lat' dir='ltr'><strong>Traianum</strong></span> <span class='ocrx_word' id='word_1_219' title='bbox 1212 1560 1317 1599; x_wconf 84' lang='lat' dir='ltr'><strong>facta</strong></span> <span class='ocrx_word' id='word_1_220' title='bbox 1341 1560 1539 1598; x_wconf 73' lang='lat' dir='ltr'><strong>dumtaxat</strong></span> <span class='ocrx_word' id='word_1_221' title='bbox 1557 1571 1641 1598; x_wconf 87' lang='lat' dir='ltr'><strong>cum</strong></span> <span class='ocrx_word' id='word_1_222' title='bbox 1659 1558 1822 1610; x_wconf 82' lang='lat' dir='ltr'><strong>legitur3</strong></span> 
     </span>
     <span class='ocr_line' id='line_1_24' title="bbox 295 1617 1535 1668; baseline -0.003 -8"><span class='ocrx_word' id='word_1_223' title='bbox 295 1622 494 1660; x_wconf 74' lang='lat' dir='ltr'><strong>dumtaxat</strong></span> <span class='ocrx_word' id='word_1_224' title='bbox 516 1622 569 1663; x_wconf 76' lang='lat' dir='ltr'><strong>ut,</strong></span> <span class='ocrx_word' id='word_1_225' title='bbox 595 1618 700 1668; x_wconf 88' lang='lat' dir='ltr'><strong>quod</strong></span> <span class='ocrx_word' id='word_1_226' title='bbox 726 1618 986 1657; x_wconf 84' lang='lat' dir='ltr'><strong>Terentianus</strong></span> <span class='ocrx_word' id='word_1_227' title='bbox 1011 1619 1143 1666; x_wconf 83' lang='lat' dir='ltr'><strong>habet,</strong></span> <span class='ocrx_word' id='word_1_228' title='bbox 1167 1618 1265 1657; x_wconf 84' lang='lat' dir='ltr'><strong>alias</strong></span> <span class='ocrx_word' id='word_1_229' title='bbox 1290 1630 1367 1656; x_wconf 90' lang='lat' dir='ltr'><strong>non</strong></span> <span class='ocrx_word' id='word_1_230' title='bbox 1392 1617 1535 1657; x_wconf 88' lang='lat' dir='ltr'><strong>inveni.</strong></span> 
     </span>
    </p>

    <p class='ocr_par' dir='ltr' id='par_1_8' title="bbox 293 1674 1827 1903">
     <span class='ocr_line' id='line_1_25' title="bbox 408 1674 1826 1727; baseline -0.001 -11"><span class='ocrx_word' id='word_1_231' title='bbox 408 1674 512 1716; x_wconf 76' lang='lat' dir='ltr'><strong>Ecce</strong></span> <span class='ocrx_word' id='word_1_232' title='bbox 538 1689 655 1727; x_wconf 85' lang='lat' dir='ltr'><strong>saepe</strong></span> <span class='ocrx_word' id='word_1_233' title='bbox 679 1677 889 1726; x_wconf 88' lang='lat' dir='ltr'><strong>invenitur,</strong></span> <span class='ocrx_word' id='word_1_234' title='bbox 915 1677 981 1715; x_wconf 90' lang='lat' dir='ltr'><strong>ubi</strong></span> <span class='ocrx_word' id='word_1_235' title='bbox 1007 1677 1185 1727; x_wconf 84' lang='lat' dir='ltr'><strong>exempla</strong></span> <span class='ocrx_word' id='word_1_236' title='bbox 1210 1677 1452 1724; x_wconf 86' lang='lat' dir='ltr'><strong>adferuntur,</strong></span> <span class='ocrx_word' id='word_1_237' title='bbox 1477 1679 1524 1715; x_wconf 90' lang='lat' dir='ltr'><strong>ut</strong></span> <span class='ocrx_word' id='word_1_238' title='bbox 1550 1677 1674 1726; x_wconf 89' lang='lat'>1151,</span> <span class='ocrx_word' id='word_1_239' title='bbox 1702 1677 1826 1725; x_wconf 80' lang='lat'>1473,</span> 
     </span>
     <span class='ocr_line' id='line_1_26' title="bbox 297 1735 1827 1787; baseline -0.002 -11"><span class='ocrx_word' id='word_1_240' title='bbox 297 1737 572 1787; x_wconf 88' lang='lat'>1687,1897,</span> <span class='ocrx_word' id='word_1_241' title='bbox 601 1737 725 1783; x_wconf 82' lang='lat'>1927,</span> <span class='ocrx_word' id='word_1_242' title='bbox 752 1736 882 1783; x_wconf 77' lang='lat'>21453</span> <span class='ocrx_word' id='word_1_243' title='bbox 921 1735 1043 1774; x_wconf 84' lang='lat' dir='ltr'><strong>Gaius</strong></span> <span class='ocrx_word' id='word_1_244' title='bbox 1080 1736 1168 1785; x_wconf 89' lang='lat' dir='ltr'><strong>plus</strong></span> <span class='ocrx_word' id='word_1_245' title='bbox 1208 1735 1414 1774; x_wconf 90' lang='lat' dir='ltr'><strong>duodecies</strong></span> <span class='ocrx_word' id='word_1_246' title='bbox 1451 1735 1523 1773; x_wconf 81' lang='lat' dir='ltr'><strong>hac</strong></span> <span class='ocrx_word' id='word_1_247' title='bbox 1559 1747 1653 1774; x_wconf 85' lang='lat' dir='ltr'><strong>voce</strong></span> <span class='ocrx_word' id='word_1_248' title='bbox 1688 1735 1827 1773; x_wconf 87' lang='lat' dir='ltr'><strong>utitur.</strong></span> 
     </span>
     <span class='ocr_line' id='line_1_27' title="bbox 293 1793 1822 1844; baseline -0.002 -9"><span class='ocrx_word' id='word_1_249' title='bbox 293 1795 572 1835; x_wconf 83' lang='lat' dir='ltr'><strong>Accusativum</strong></span> <span class='ocrx_word' id='word_1_250' title='bbox 599 1806 659 1843; x_wconf 81' lang='lat' dir='ltr'><strong>ap.</strong></span> <span class='ocrx_word' id='word_1_251' title='bbox 680 1794 958 1832; x_wconf 84' lang='lat' dir='ltr'><strong>Terentianum</strong></span> <span class='ocrx_word' id='word_1_252' title='bbox 983 1806 1061 1832; x_wconf 89' lang='lat' dir='ltr'><strong>non</strong></span> <span class='ocrx_word' id='word_1_253' title='bbox 1085 1794 1200 1844; x_wconf 89' lang='lat' dir='ltr'><strong>regit,</strong></span> <span class='ocrx_word' id='word_1_254' title='bbox 1226 1793 1292 1832; x_wconf 87' lang='lat' dir='ltr'><strong>sed</strong></span> <span class='ocrx_word' id='word_1_255' title='bbox 1312 1794 1412 1832; x_wconf 84' lang='lat' dir='ltr'><strong>hanc</strong></span> <span class='ocrx_word' id='word_1_256' title='bbox 1431 1794 1510 1833; x_wconf 87' lang='lat' dir='ltr'><strong>vim</strong></span> <span class='ocrx_word' id='word_1_257' title='bbox 1530 1793 1648 1832; x_wconf 89' lang='lat' dir='ltr'><strong>tertio</strong></span> <span class='ocrx_word' id='word_1_258' title='bbox 1668 1793 1822 1832; x_wconf 80' lang='lat' dir='ltr'><strong>saeculo</strong></span> 
     </span>
     <span class='ocr_line' id='line_1_28' title="bbox 294 1851 890 1903; baseline -0.005 -10"><span class='ocrx_word' id='word_1_259' title='bbox 294 1855 511 1903; x_wconf 83' lang='lat' dir='ltr'><strong>recuperat,</strong></span> <span class='ocrx_word' id='word_1_260' title='bbox 536 1853 583 1890; x_wconf 89' lang='lat' dir='ltr'><strong>cf.</strong></span> <span class='ocrx_word' id='word_1_261' title='bbox 610 1851 671 1890; x_wconf 87' lang='lat' dir='ltr'><strong>W.</strong></span> <span class='ocrx_word' id='word_1_262' title='bbox 695 1852 745 1890; x_wconf 89' lang='lat' dir='ltr'><strong>A.</strong></span> <span class='ocrx_word' id='word_1_263' title='bbox 762 1852 800 1889; x_wconf 90' lang='lat' dir='ltr'><strong>V</strong></span> <span class='ocrx_word' id='word_1_264' title='bbox 826 1854 890 1890; x_wconf 91' lang='lat'><strong>31.</strong></span> 
     </span>
    </p>

    <p class='ocr_par' dir='ltr' id='par_1_9' title="bbox 297 1908 1820 2018">
     <span class='ocr_line' id='line_1_29' title="bbox 407 1908 1820 1958; baseline 0 -8"><span class='ocrx_word' id='word_1_265' title='bbox 407 1908 469 1950; x_wconf 86' lang='lat' dir='ltr'><strong>En</strong></span> <span class='ocrx_word' id='word_1_266' title='bbox 493 1910 534 1948; x_wconf 89' lang='lat' dir='ltr'><strong>in</strong></span> <span class='ocrx_word' id='word_1_267' title='bbox 558 1909 735 1949; x_wconf 78' lang='lat' dir='ltr'><strong>versione</strong></span> <span class='ocrx_word' id='word_1_268' title='bbox 762 1910 958 1948; x_wconf 86' lang='lat' dir='ltr'><strong>Theocriti</strong></span> <span class='ocrx_word' id='word_1_269' title='bbox 983 1911 1094 1949; x_wconf 88' lang='grc'>2129</span> <span class='ocrx_word' id='word_1_270' title='bbox 1121 1911 1242 1949; x_wconf 81' lang='lat' dir='ltr'><strong>Dulce</strong></span> <span class='ocrx_word' id='word_1_271' title='bbox 1273 1911 1339 1949; x_wconf 70' lang='lat' dir='ltr'><strong>tibi</strong></span> <span class='ocrx_word' id='word_1_272' title='bbox 1362 1911 1481 1958; x_wconf 81' lang='lat' dir='ltr'><strong>pinus</strong></span> <span class='ocrx_word' id='word_1_273' title='bbox 1517 1914 1820 1950; x_wconf 76' lang='lat' dir='ltr'><strong>summurmurat</strong></span> 
     </span>
     <span class='ocr_line' id='line_1_30' title="bbox 297 1969 1007 2018; baseline -0.004 -8"><span class='ocrx_word' id='word_1_274' title='bbox 297 1983 343 2010; x_wconf 79' lang='lat' dir='ltr'><strong>en</strong></span> <span class='ocrx_word' id='word_1_275' title='bbox 366 1971 432 2009; x_wconf 79' lang='lat' dir='ltr'><strong>tibi</strong></span> <span class='ocrx_word' id='word_1_276' title='bbox 448 1972 585 2018; x_wconf 73' lang='lat' dir='ltr'><strong>pastor</strong></span> <span class='ocrx_word' id='word_1_277' title='bbox 602 1970 782 2016; x_wconf 77' lang='lat' dir='ltr'><strong>proaeima</strong></span> <span class='ocrx_word' id='word_1_278' title='bbox 805 1969 1007 2015; x_wconf 77' lang='lat' dir='ltr'><strong>fonticulis.</strong></span> 
     </span>
    </p>

    <p class='ocr_par' dir='ltr' id='par_1_10' title="bbox 300 2021 1829 2252">
     <span class='ocr_line' id='line_1_31' title="bbox 408 2021 1826 2079; baseline -0.001 -13"><span class='ocrx_word' id='word_1_279' title='bbox 408 2023 545 2076; x_wconf 81' lang='lat' dir='ltr'><strong>Enim3</strong></span> <span class='ocrx_word' id='word_1_280' title='bbox 577 2038 652 2064; x_wconf 78' lang='lat' dir='ltr'><strong>non</strong></span> <span class='ocrx_word' id='word_1_281' title='bbox 678 2028 775 2066; x_wconf 79' lang='lat' dir='ltr'><strong>enim</strong></span> <span class='ocrx_word' id='word_1_282' title='bbox 801 2027 897 2076; x_wconf 88' lang='lat'>318,</span> <span class='ocrx_word' id='word_1_283' title='bbox 922 2028 1024 2077; x_wconf 79' lang='lat'>4643</span> <span class='ocrx_word' id='word_1_284' title='bbox 1063 2038 1194 2065; x_wconf 83' lang='lat' dir='ltr'><strong>verum</strong></span> <span class='ocrx_word' id='word_1_285' title='bbox 1219 2027 1318 2065; x_wconf 79' lang='lat' dir='ltr'><strong>enim</strong></span> <span class='ocrx_word' id='word_1_286' title='bbox 1340 2038 1407 2065; x_wconf 82' lang='lat' dir='ltr'><strong>nec</strong></span> <span class='ocrx_word' id='word_1_287' title='bbox 1436 2028 1515 2066; x_wconf 91' lang='lat'>501</span> <span class='ocrx_word' id='word_1_288' title='bbox 1552 2021 1619 2079; x_wconf 85' lang='lat' dir='ltr'><strong>(cf.</strong></span> <span class='ocrx_word' id='word_1_289' title='bbox 1646 2026 1763 2065; x_wconf 83' lang='lat' dir='ltr'><strong>Hand</strong></span> <span class='ocrx_word' id='word_1_290' title='bbox 1787 2028 1826 2065; x_wconf 88' lang='grc' dir='ltr'><strong>ΙΙ</strong></span> 
     </span>
     <span class='ocr_line' id='line_1_32' title="bbox 301 2081 1829 2138; baseline -0.001 -11"><span class='ocrx_word' id='word_1_291' title='bbox 301 2101 341 2138; x_wconf 90' lang='lat' dir='ltr'><strong>p.</strong></span> <span class='ocrx_word' id='word_1_292' title='bbox 360 2087 442 2126; x_wconf 85' lang='lat'><strong>396</strong></span> <span class='ocrx_word' id='word_1_293' title='bbox 469 2086 509 2123; x_wconf 89' lang='lat' dir='ltr'><strong>in</strong></span> <span class='ocrx_word' id='word_1_294' title='bbox 532 2098 568 2124; x_wconf 88' lang='lat' dir='ltr'><strong>v.</strong></span> <span class='ocrx_word' id='word_1_295' title='bbox 588 2086 686 2123; x_wconf 73' lang='lat' dir='ltr'><strong>enim</strong></span> <span class='ocrx_word' id='word_1_296' title='bbox 705 2085 761 2122; x_wconf 95' lang='lat' dir='ltr'><strong>IV</strong></span> <span class='ocrx_word' id='word_1_297' title='bbox 784 2081 845 2138; x_wconf 86' lang='lat'>1);</span> <span class='ocrx_word' id='word_1_298' title='bbox 869 2097 1000 2124; x_wconf 79' lang='lat' dir='ltr'><strong>verum</strong></span> <span class='ocrx_word' id='word_1_299' title='bbox 1024 2086 1123 2123; x_wconf 73' lang='lat' dir='ltr'><strong>cuim</strong></span> <span class='ocrx_word' id='word_1_300' title='bbox 1143 2115 1150 2123; x_wconf 95' lang='lat'><strong>.</strong></span> <span class='ocrx_word' id='word_1_301' title='bbox 1170 2114 1180 2123; x_wconf 98' lang='lat'><strong>.</strong></span> <span class='ocrx_word' id='word_1_302' title='bbox 1200 2114 1208 2124; x_wconf 93' lang='lat'><strong>.</strong></span> <span class='ocrx_word' id='word_1_303' title='bbox 1227 2096 1303 2123; x_wconf 77' lang='lat' dir='ltr'><strong>non</strong></span> <span class='ocrx_word' id='word_1_304' title='bbox 1328 2086 1430 2134; x_wconf 78' lang='lat'>8153</span> <span class='ocrx_word' id='word_1_305' title='bbox 1455 2088 1514 2124; x_wconf 76' lang='lat' dir='ltr'><strong>asi</strong></span> <span class='ocrx_word' id='word_1_306' title='bbox 1537 2087 1635 2124; x_wconf 82' lang='lat' dir='ltr'><strong>enim</strong></span> <span class='ocrx_word' id='word_1_307' title='bbox 1661 2087 1755 2133; x_wconf 85' lang='lat'>957,</span> <span class='ocrx_word' id='word_1_308' title='bbox 1782 2086 1829 2125; x_wconf 82' lang='lat' dir='ltr'><strong>cf.</strong></span> 
     </span>
     <span class='ocr_line' id='line_1_33' title="bbox 303 2140 1827 2193; baseline -0.001 -9"><span class='ocrx_word' id='word_1_309' title='bbox 303 2145 479 2184; x_wconf 81' lang='lat' dir='ltr'><strong>Schmalz</strong></span> <span class='ocrx_word' id='word_1_310' title='bbox 500 2142 525 2193; x_wconf 67' lang='grc' dir='ltr'>ξ</span> <span class='ocrx_word' id='word_1_311' title='bbox 542 2145 642 2183; x_wconf 85' lang='lat'>206:</span> <span class='ocrx_word' id='word_1_312' title='bbox 668 2140 725 2182; x_wconf 70' lang='lat' dir='ltr'><strong>‘at</strong></span> <span class='ocrx_word' id='word_1_313' title='bbox 743 2145 842 2182; x_wconf 76' lang='lat' dir='ltr'><strong>enim</strong></span> <span class='ocrx_word' id='word_1_314' title='bbox 859 2143 982 2182; x_wconf 87' lang='lat' dir='ltr'><strong>findet</strong></span> <span class='ocrx_word' id='word_1_315' title='bbox 1001 2144 1082 2182; x_wconf 86' lang='lat' dir='ltr'><strong>sich</strong></span> <span class='ocrx_word' id='word_1_316' title='bbox 1102 2155 1177 2182; x_wconf 90' lang='lat' dir='ltr'><strong>von</strong></span> <span class='ocrx_word' id='word_1_317' title='bbox 1190 2143 1355 2182; x_wconf 81' lang='lat' dir='ltr'><strong>Plautus</strong></span> <span class='ocrx_word' id='word_1_318' title='bbox 1374 2143 1434 2182; x_wconf 85' lang='lat' dir='ltr'><strong>bis</strong></span> <span class='ocrx_word' id='word_1_319' title='bbox 1448 2157 1492 2181; x_wconf 90' lang='lat' dir='ltr'><strong>zu</strong></span> <span class='ocrx_word' id='word_1_320' title='bbox 1507 2144 1581 2183; x_wconf 89' lang='lat' dir='ltr'><strong>den</strong></span> <span class='ocrx_word' id='word_1_321' title='bbox 1597 2144 1827 2184; x_wconf 86' lang='lat' dir='ltr'><strong>Archaisten</strong></span> 
     </span>
     <span class='ocr_line' id='line_1_34' title="bbox 300 2198 1241 2252; baseline -0.002 -10"><span class='ocrx_word' id='word_1_322' title='bbox 300 2204 422 2242; x_wconf 87' lang='lat' dir='ltr'><strong>herab</strong></span> <span class='ocrx_word' id='word_1_323' title='bbox 447 2231 456 2240; x_wconf 92' lang='lat'><strong>.</strong></span> <span class='ocrx_word' id='word_1_324' title='bbox 483 2232 491 2240; x_wconf 89' lang='lat'><strong>.</strong></span> <span class='ocrx_word' id='word_1_325' title='bbox 517 2231 525 2240; x_wconf 90' lang='lat'><strong>.</strong></span> <span class='ocrx_word' id='word_1_326' title='bbox 553 2232 578 2252; x_wconf 89' lang='lat'><strong>.,</strong></span> <span class='ocrx_word' id='word_1_327' title='bbox 602 2213 732 2241; x_wconf 83' lang='lat' dir='ltr'><strong>verum</strong></span> <span class='ocrx_word' id='word_1_328' title='bbox 756 2204 854 2241; x_wconf 78' lang='lat' dir='ltr'><strong>enim</strong></span> <span class='ocrx_word' id='word_1_329' title='bbox 879 2202 942 2241; x_wconf 90' lang='lat' dir='ltr'><strong>bei</strong></span> <span class='ocrx_word' id='word_1_330' title='bbox 966 2202 1094 2241; x_wconf 89' lang='lat' dir='ltr'><strong>Plaut.</strong></span> <span class='ocrx_word' id='word_1_331' title='bbox 1120 2198 1241 2241; x_wconf 86' lang='lat' dir='ltr'><strong>Tert.&#39;</strong></span> 
     </span>
    </p>

    <p class='ocr_par' dir='ltr' id='par_1_11' title="bbox 296 2256 1828 2374">
     <span class='ocr_line' id='line_1_35' title="bbox 409 2256 1828 2311; baseline 0.001 -12"><span class='ocrx_word' id='word_1_332' title='bbox 409 2256 609 2310; x_wconf 77' lang='lat' dir='ltr'><strong>Equidem</strong></span> <span class='ocrx_word' id='word_1_333' title='bbox 643 2263 688 2299; x_wconf 92' lang='lat' dir='ltr'><strong>ut</strong></span> <span class='ocrx_word' id='word_1_334' title='bbox 726 2260 864 2311; x_wconf 90' lang='lat' dir='ltr'><strong>optimi</strong></span> <span class='ocrx_word' id='word_1_335' title='bbox 899 2261 1110 2311; x_wconf 82' lang='lat' dir='ltr'><strong>scriptores</strong></span> <span class='ocrx_word' id='word_1_336' title='bbox 1147 2273 1235 2300; x_wconf 89' lang='lat' dir='ltr'><strong>cum</strong></span> <span class='ocrx_word' id='word_1_337' title='bbox 1269 2260 1398 2311; x_wconf 80' lang='lat' dir='ltr'><strong>prima</strong></span> <span class='ocrx_word' id='word_1_338' title='bbox 1428 2273 1598 2311; x_wconf 79' lang='lat' dir='ltr'><strong>persona</strong></span> <span class='ocrx_word' id='word_1_339' title='bbox 1628 2262 1828 2302; x_wconf 86' lang='lat' dir='ltr'><strong>coniunxit</strong></span> 
     </span>
     <span class='ocr_line' id='line_1_36' title="bbox 296 2314 1741 2374; baseline -0.001 -14"><span class='ocrx_word' id='word_1_340' title='bbox 296 2322 406 2360; x_wconf 91' lang='grc'><strong>1969</strong></span> <span class='ocrx_word' id='word_1_341' title='bbox 432 2332 509 2358; x_wconf 78' lang='lat' dir='ltr'><strong>mm</strong></span> <span class='ocrx_word' id='word_1_342' title='bbox 534 2320 700 2367; x_wconf 76' lang='lat' dir='ltr'><strong>equidem</strong></span> <span class='ocrx_word' id='word_1_343' title='bbox 717 2331 878 2368; x_wconf 77' lang='lat' dir='ltr'><strong>possum</strong></span> <span class='ocrx_word' id='word_1_344' title='bbox 904 2316 970 2372; x_wconf 89' lang='lat' dir='ltr'><strong>(de</strong></span> <span class='ocrx_word' id='word_1_345' title='bbox 995 2319 1138 2369; x_wconf 88' lang='lat' dir='ltr'><strong>Apulei</strong></span> <span class='ocrx_word' id='word_1_346' title='bbox 1163 2332 1236 2358; x_wconf 89' lang='lat' dir='ltr'><strong>usu</strong></span> <span class='ocrx_word' id='word_1_347' title='bbox 1261 2320 1306 2358; x_wconf 88' lang='lat' dir='ltr'><strong>cf.</strong></span> <span class='ocrx_word' id='word_1_348' title='bbox 1331 2318 1482 2358; x_wconf 88' lang='lat' dir='ltr'><strong>Becker</strong></span> <span class='ocrx_word' id='word_1_349' title='bbox 1506 2333 1542 2369; x_wconf 91' lang='lat' dir='ltr'><strong>p.</strong></span> <span class='ocrx_word' id='word_1_350' title='bbox 1562 2321 1616 2359; x_wconf 88' lang='lat'><strong>48</strong></span> <span class='ocrx_word' id='word_1_351' title='bbox 1629 2314 1741 2374; x_wconf 84' lang='lat' dir='ltr'><strong>sqq.).</strong></span> 
     </span>
    </p>

    <p class='ocr_par' dir='ltr' id='par_1_12' title="bbox 294 2372 1830 2546">
     <span class='ocr_line' id='line_1_37' title="bbox 412 2372 1827 2432; baseline 0.001 -16"><span class='ocrx_word' id='word_1_352' title='bbox 412 2374 523 2428; x_wconf 82' lang='lat' dir='ltr'><strong>Ergo</strong></span> <span class='ocrx_word' id='word_1_353' title='bbox 548 2378 714 2428; x_wconf 81' lang='lat' dir='ltr'><strong>triginta</strong></span> <span class='ocrx_word' id='word_1_354' title='bbox 739 2381 807 2417; x_wconf 83' lang='lat' dir='ltr'><strong>aut</strong></span> <span class='ocrx_word' id='word_1_355' title='bbox 833 2377 1011 2427; x_wconf 83' lang='lat' dir='ltr'><strong>pluribus</strong></span> <span class='ocrx_word' id='word_1_356' title='bbox 1036 2378 1131 2417; x_wconf 89' lang='lat' dir='ltr'><strong>locis</strong></span> <span class='ocrx_word' id='word_1_357' title='bbox 1154 2378 1365 2417; x_wconf 80' lang='lat' dir='ltr'><strong>invenitur.</strong></span> <span class='ocrx_word' id='word_1_358' title='bbox 1405 2372 1532 2432; x_wconf 76' lang='lat' dir='ltr'><strong>(Eryo</strong></span> <span class='ocrx_word' id='word_1_359' title='bbox 1562 2380 1693 2427; x_wconf 70' lang='lat' dir='ltr'><strong>iyilur,</strong></span> <span class='ocrx_word' id='word_1_360' title='bbox 1725 2380 1827 2430; x_wconf 88' lang='lat' dir='ltr'><strong>quod</strong></span> 
     </span>
     <span class='ocr_line' id='line_1_38' title="bbox 294 2436 1830 2487; baseline 0 -11"><span class='ocrx_word' id='word_1_361' title='bbox 294 2438 420 2476; x_wconf 90' lang='lat' dir='ltr'><strong>Anon.</strong></span> <span class='ocrx_word' id='word_1_362' title='bbox 440 2437 553 2486; x_wconf 82' lang='lat' dir='ltr'><strong>phys.</strong></span> <span class='ocrx_word' id='word_1_363' title='bbox 576 2437 628 2474; x_wconf 91' lang='grc'><strong>17</strong></span> <span class='ocrx_word' id='word_1_364' title='bbox 655 2437 750 2476; x_wconf 88' lang='lat' dir='ltr'><strong>locis</strong></span> <span class='ocrx_word' id='word_1_365' title='bbox 776 2437 950 2487; x_wconf 82' lang='lat' dir='ltr'><strong>praebet,</strong></span> <span class='ocrx_word' id='word_1_366' title='bbox 974 2437 1078 2486; x_wconf 84' lang='lat' dir='ltr'><strong>apud</strong></span> <span class='ocrx_word' id='word_1_367' title='bbox 1098 2436 1377 2475; x_wconf 88' lang='lat' dir='ltr'><strong>Terentianum</strong></span> <span class='ocrx_word' id='word_1_368' title='bbox 1404 2439 1444 2475; x_wconf 91' lang='lat' dir='ltr'><strong>et</strong></span> <span class='ocrx_word' id='word_1_369' title='bbox 1464 2436 1673 2486; x_wconf 87' lang='lat' dir='ltr'><strong>Apuleium</strong></span> <span class='ocrx_word' id='word_1_370' title='bbox 1698 2437 1830 2487; x_wconf 81' lang='lat' dir='ltr'><strong>deest3</strong></span> 
     </span>
     <span class='ocr_line' id='line_1_39' title="bbox 298 2491 686 2546; baseline 0 -12"><span class='ocrx_word' id='word_1_371' title='bbox 298 2497 345 2535; x_wconf 86' lang='lat' dir='ltr'><strong>ef.</strong></span> <span class='ocrx_word' id='word_1_372' title='bbox 370 2495 414 2535; x_wconf 79' lang='lat' dir='ltr'><strong>F.</strong></span> <span class='ocrx_word' id='word_1_373' title='bbox 440 2494 563 2533; x_wconf 80' lang='lat' dir='ltr'><strong>Maior</strong></span> <span class='ocrx_word' id='word_1_374' title='bbox 586 2495 610 2533; x_wconf 91' lang='lat' dir='ltr'><strong>l.</strong></span> <span class='ocrx_word' id='word_1_375' title='bbox 636 2491 686 2546; x_wconf 86' lang='lat' dir='ltr'><strong>o.)</strong></span> 
     </span>
    </p>

    <p class='ocr_par' dir='ltr' id='par_1_13' title="bbox 293 2549 1828 2834">
     <span class='ocr_line' id='line_1_40' title="bbox 405 2549 1827 2604; baseline 0.002 -13"><span class='ocrx_word' id='word_1_376' title='bbox 405 2549 462 2591; x_wconf 81' lang='lat' dir='ltr'><strong>Et</strong></span> <span class='ocrx_word' id='word_1_377' title='bbox 491 2565 561 2602; x_wconf 92' lang='lat' dir='ltr'><strong>pro</strong></span> <span class='ocrx_word' id='word_1_378' title='bbox 593 2555 706 2592; x_wconf 78' lang='lat' dir='ltr'><strong>eiiam</strong></span> <span class='ocrx_word' id='word_1_379' title='bbox 744 2554 814 2591; x_wconf 88' lang='lat' dir='ltr'><strong>aut</strong></span> <span class='ocrx_word' id='word_1_380' title='bbox 844 2565 987 2601; x_wconf 77' lang='lat' dir='ltr'><strong>quoquc</strong></span> <span class='ocrx_word' id='word_1_381' title='bbox 1017 2553 1245 2603; x_wconf 83' lang='lat' dir='ltr'><strong>saepissime</strong></span> <span class='ocrx_word' id='word_1_382' title='bbox 1281 2553 1445 2604; x_wconf 83' lang='lat' dir='ltr'><strong>legitur:</strong></span> <span class='ocrx_word' id='word_1_383' title='bbox 1485 2554 1579 2601; x_wconf 89' lang='grc'><strong>127,</strong></span> <span class='ocrx_word' id='word_1_384' title='bbox 1609 2555 1702 2604; x_wconf 88' lang='grc'><strong>159,</strong></span> <span class='ocrx_word' id='word_1_385' title='bbox 1731 2556 1827 2604; x_wconf 89' lang='grc'><strong>276,</strong></span> 
     </span>
     <span class='ocr_line' id='line_1_41' title="bbox 295 2611 1826 2663; baseline 0.001 -13"><span class='ocrx_word' id='word_1_386' title='bbox 295 2613 391 2661; x_wconf 87' lang='grc'>327,</span> <span class='ocrx_word' id='word_1_387' title='bbox 419 2613 514 2662; x_wconf 88' lang='grc'><strong>373,</strong></span> <span class='ocrx_word' id='word_1_388' title='bbox 541 2613 636 2659; x_wconf 92' lang='grc'><strong>387,</strong></span> <span class='ocrx_word' id='word_1_389' title='bbox 664 2613 759 2662; x_wconf 84' lang='grc'>395,</span> <span class='ocrx_word' id='word_1_390' title='bbox 785 2613 881 2659; x_wconf 87' lang='grc'>398,</span> <span class='ocrx_word' id='word_1_391' title='bbox 907 2613 1003 2661; x_wconf 88' lang='grc'>402,</span> <span class='ocrx_word' id='word_1_392' title='bbox 1029 2612 1112 2651; x_wconf 90' lang='lat'><strong>415</strong></span> <span class='ocrx_word' id='word_1_393' title='bbox 1139 2611 1249 2660; x_wconf 79' lang='lat' dir='ltr'><strong>(quin</strong></span> <span class='ocrx_word' id='word_1_394' title='bbox 1274 2612 1336 2659; x_wconf 72' lang='lat' dir='ltr'><strong>ci),</strong></span> <span class='ocrx_word' id='word_1_395' title='bbox 1363 2613 1459 2662; x_wconf 90' lang='lat'>458,</span> <span class='ocrx_word' id='word_1_396' title='bbox 1485 2613 1581 2660; x_wconf 85' lang='lat'>476,</span> <span class='ocrx_word' id='word_1_397' title='bbox 1607 2612 1703 2663; x_wconf 90' lang='lat'>477,</span> <span class='ocrx_word' id='word_1_398' title='bbox 1730 2614 1826 2663; x_wconf 83' lang='lat'>506,</span> 
     </span>
     <span class='ocr_line' id='line_1_42' title="bbox 299 2665 1828 2723; baseline 0.001 -15"><span class='ocrx_word' id='word_1_399' title='bbox 299 2673 392 2720; x_wconf 85' lang='grc'>727,</span> <span class='ocrx_word' id='word_1_400' title='bbox 421 2671 515 2720; x_wconf 89' lang='grc'>760,</span> <span class='ocrx_word' id='word_1_401' title='bbox 542 2670 638 2719; x_wconf 90' lang='grc'>948,</span> <span class='ocrx_word' id='word_1_402' title='bbox 665 2671 760 2719; x_wconf 88' lang='grc'>985,</span> <span class='ocrx_word' id='word_1_403' title='bbox 789 2671 897 2709; x_wconf 90' lang='grc'>1029</span> <span class='ocrx_word' id='word_1_404' title='bbox 931 2671 1016 2718; x_wconf 79' lang='lat' dir='ltr'><strong>(nec</strong></span> <span class='ocrx_word' id='word_1_405' title='bbox 1039 2683 1115 2708; x_wconf 79' lang='lat' dir='ltr'><strong>non</strong></span> <span class='ocrx_word' id='word_1_406' title='bbox 1140 2665 1251 2723; x_wconf 69' lang='lat'>00¹),</span> <span class='ocrx_word' id='word_1_407' title='bbox 1281 2672 1404 2719; x_wconf 89' lang='lat'>1197,</span> <span class='ocrx_word' id='word_1_408' title='bbox 1432 2671 1560 2718; x_wconf 91' lang='grc'>1208,</span> <span class='ocrx_word' id='word_1_409' title='bbox 1595 2670 1704 2709; x_wconf 85' lang='grc'>1244</span> <span class='ocrx_word' id='word_1_410' title='bbox 1743 2672 1828 2719; x_wconf 82' lang='lat' dir='ltr'><strong>(nce</strong></span> 
     </span>
     <span class='ocr_line' id='line_1_43' title="bbox 294 2726 1825 2778; baseline 0.002 -12"><span class='ocrx_word' id='word_1_411' title='bbox 294 2741 368 2767; x_wconf 75' lang='lat' dir='ltr'><strong>non</strong></span> <span class='ocrx_word' id='word_1_412' title='bbox 393 2726 455 2775; x_wconf 76' lang='lat' dir='ltr'><strong>ct),</strong></span> <span class='ocrx_word' id='word_1_413' title='bbox 485 2729 607 2777; x_wconf 87' lang='lat'>1333,</span> <span class='ocrx_word' id='word_1_414' title='bbox 637 2729 759 2778; x_wconf 89' lang='lat'>1366,</span> <span class='ocrx_word' id='word_1_415' title='bbox 788 2730 910 2776; x_wconf 90' lang='lat'>1446,</span> <span class='ocrx_word' id='word_1_416' title='bbox 939 2729 1047 2767; x_wconf 89' lang='lat'>1451</span> <span class='ocrx_word' id='word_1_417' title='bbox 1076 2728 1186 2777; x_wconf 77' lang='lat' dir='ltr'><strong>(quin</strong></span> <span class='ocrx_word' id='word_1_418' title='bbox 1210 2728 1273 2777; x_wconf 79' lang='lat' dir='ltr'><strong>et),</strong></span> <span class='ocrx_word' id='word_1_419' title='bbox 1302 2730 1412 2768; x_wconf 89' lang='lat'>1488</span> <span class='ocrx_word' id='word_1_420' title='bbox 1449 2729 1559 2778; x_wconf 77' lang='lat' dir='ltr'><strong>(nam</strong></span> <span class='ocrx_word' id='word_1_421' title='bbox 1588 2730 1652 2776; x_wconf 75' lang='lat' dir='ltr'><strong>qui</strong></span> <span class='ocrx_word' id='word_1_422' title='bbox 1676 2729 1825 2769; x_wconf 75' lang='lat' dir='ltr'><strong>chorius</strong></span> 
     </span>
     <span class='ocr_line' id='line_1_44' title="bbox 293 2786 1824 2834; baseline 0.001 -9"><span class='ocrx_word' id='word_1_423' title='bbox 293 2788 441 2830; x_wconf 71' lang='lat' dir='ltr'><strong>(licitur,</strong></span> <span class='ocrx_word' id='word_1_424' title='bbox 468 2790 499 2824; x_wconf 79' lang='lat' dir='ltr'><strong>c!</strong></span> <span class='ocrx_word' id='word_1_425' title='bbox 525 2786 717 2825; x_wconf 76' lang='lat' dir='ltr'><strong>trochaeus</strong></span> <span class='ocrx_word' id='word_1_426' title='bbox 743 2787 838 2825; x_wconf 82' lang='lat' dir='ltr'><strong>idem</strong></span> <span class='ocrx_word' id='word_1_427' title='bbox 863 2786 946 2834; x_wconf 73' lang='lat' dir='ltr'><strong>est),</strong></span> <span class='ocrx_word' id='word_1_428' title='bbox 973 2788 1083 2826; x_wconf 90' lang='lat'>1518</span> <span class='ocrx_word' id='word_1_429' title='bbox 1105 2786 1254 2834; x_wconf 79' lang='lat' dir='ltr'><strong>(versus</strong></span> <span class='ocrx_word' id='word_1_430' title='bbox 1278 2789 1403 2826; x_wconf 71' lang='lat' dir='ltr'><strong>{amen</strong></span> <span class='ocrx_word' id='word_1_431' title='bbox 1427 2790 1460 2826; x_wconf 75' lang='lat' dir='ltr'><strong>ct</strong></span> <span class='ocrx_word' id='word_1_432' title='bbox 1482 2797 1559 2825; x_wconf 79' lang='lat' dir='ltr'><strong>non</strong></span> <span class='ocrx_word' id='word_1_433' title='bbox 1583 2787 1710 2826; x_wconf 80' lang='lat' dir='ltr'><strong>minus</strong></span> <span class='ocrx_word' id='word_1_434' title='bbox 1738 2788 1824 2827; x_wconf 77' lang='lat' dir='ltr'><strong>inde</strong></span> 
     </span>
    </p>
   </div>
   <div class='ocr_carea' id='block_1_2' title="bbox 294 2866 571 2870">
    <p class='ocr_par' dir='ltr' id='par_1_14' title="bbox 294 2866 571 2870">
     <span class='ocr_line' id='line_1_45' title="bbox 294 2866 571 2870; baseline 0 0"><span class='ocrx_word' id='word_1_435' title='bbox 294 2866 571 2870; x_wconf 95' lang='lat' dir='ltr'><strong> </strong></span> 
     </span>
    </p>
   </div>
   <div class='ocr_carea' id='block_1_3' title="bbox 419 2908 1164 2953">
    <p class='ocr_par' dir='ltr' id='par_1_15' title="bbox 419 2908 1164 2953">
     <span class='ocr_line' id='line_1_46' title="bbox 419 2908 1164 2953; baseline 0.004 -10"><span class='ocrx_word' id='word_1_436' title='bbox 419 2911 452 2953; x_wconf 90' lang='lat'>1)</span> <span class='ocrx_word' id='word_1_437' title='bbox 476 2908 530 2944; x_wconf 86' lang='lat' dir='ltr'><strong>De</strong></span> <span class='ocrx_word' id='word_1_438' title='bbox 556 2909 611 2944; x_wconf 83' lang='lat' dir='ltr'><strong>his</strong></span> <span class='ocrx_word' id='word_1_439' title='bbox 638 2909 758 2946; x_wconf 78' lang='lat' dir='ltr'><strong>verbis</strong></span> <span class='ocrx_word' id='word_1_440' title='bbox 783 2910 827 2945; x_wconf 85' lang='lat' dir='ltr'><strong>cf.</strong></span> <span class='ocrx_word' id='word_1_441' title='bbox 852 2909 947 2945; x_wconf 82' lang='lat' dir='ltr'><strong>infra</strong></span> <span class='ocrx_word' id='word_1_442' title='bbox 970 2909 1009 2944; x_wconf 92' lang='lat' dir='ltr'><strong>in</strong></span> <span class='ocrx_word' id='word_1_443' title='bbox 1033 2921 1067 2945; x_wconf 89' lang='lat' dir='ltr'><strong>v.</strong></span> <span class='ocrx_word' id='word_1_444' title='bbox 1091 2920 1164 2946; x_wconf 81' lang='lat' dir='ltr'><strong>nec.</strong></span> 
     </span>
    </p>
   </div>
  </div>
 </body>
</html>
