1878 3242
537 144 591 180 De
618 143 832 196 Terentiani
856 153 1024 179 sermone
1050 143 1088 179 et
1112 142 1248 179 aetate.
1580 136 1667 181 355

107 259 245 308 Varro,
271 259 394 296 etwas
420 256 601 307 haufiger
625 257 691 296 bei
709 256 859 305 Livius,
883 255 950 294 bei
969 256 1060 295 Tac.
1080 255 1134 294 ist
1158 268 1201 294 es
1226 254 1422 306 gei-adezu
1443 253 1664 304 Lieblings-

102 317 287 368 partikel,
309 317 453 366 jedoch
477 330 553 355 nur
578 317 619 355 in
645 316 720 355 den
739 315 933 365 Annalen,
959 315 1034 355 wie
1059 315 1123 354 bei
1143 314 1237 354 Sall.
1264 327 1340 353 nur
1364 314 1406 352 in
1432 313 1508 353 den
1528 313 1664 353 Histo-

101 378 187 417 rien
213 409 221 417 .
248 409 256 416 .
284 407 293 416 .
318 407 328 417 .
371 377 484 416 Nach
510 376 602 416 Tac.
627 376 728 415 wird
753 377 823 415 der
848 374 1058 415 Gebrauch
1083 375 1300 415 vereinzelt
1324 374 1426 413 noch
1450 373 1664 425 gesunden,

103 450 146 476 so
171 437 235 477 bei
261 436 368 476 Suet.
394 436 479 475 und
503 432 643 486 Apul?

219 492 339 535 Anne
366 497 481 535 1764
517 507 586 534 nec
621 497 740 544 refert
769 496 884 545 lonya
913 497 963 535 sit
993 507 1094 534 anne
1124 496 1259 534 brevis.
1304 494 1351 532 In
1375 507 1412 534 v.
1436 494 1520 533 316
1548 505 1666 542 opera

102 557 211 595 nobis
234 556 326 595 haec
349 557 482 595 inanis
501 568 554 594 an
578 557 619 594 in
644 567 758 594 usum
782 557 956 604 impensa
981 557 1032 594 sit
1057 554 1207 594 Santen
1234 565 1335 594 anne
1358 553 1531 592 fortasse
1558 554 1666 592 recte

106 615 282 655 coniecit.
326 613 441 654 Anne
465 628 526 665 ap.
546 615 678 653 Plaut.
698 615 842 665 Amph.
866 616 962 665 173,
987 615 1129 653 Bacch.
1151 615 1248 663 576,
1277 613 1355 653 Cic.
1377 613 1426 653 de
1450 613 1516 652 fin.
1537 614 1576 662 4,
1600 613 1667 664 23,

105 674 207 714 Gell.
230 676 296 723 19,
319 677 386 726 13,
405 676 432 713 4
458 669 525 728 (cf.
552 673 674 725 Gorg.
697 688 735 725 p.
757 668 833 728 42)
858 674 1071 714 invenitm.

220 731 457 785 Antequam
493 747 565 784 per
601 734 869 773 coniecturam
906 734 1102 782 Petreeini
1141 735 1223 773 811
1264 733 1431 785 legitur:
1476 716 1665 782 syllaba-m

105 795 235 843 finyas
258 797 301 833 ut
326 797 424 839 ante,
450 795 615 833 litteram
640 806 756 842 quam
773 795 968 843 proferas.
1006 794 1048 831 M
1073 795 1139 842 qui
1163 793 1342 844 praebet,
1362 793 1468 843 quod
1493 793 1664 831 fortasse

104 854 201 892 ferri
225 856 370 904 potest.
420 853 524 892 Nam
561 866 649 892 cum
680 855 787 892 recte
817 853 1008 902 syllabam
1043 854 1169 902 finyat
1197 856 1241 892 ut
1271 855 1376 897 ante,
1403 849 1570 891 litteram
1601 853 1667 900 qui

96 915 279 962 proferat
302 925 449 964 ponere
473 913 614 961 vellet,
639 915 768 952 metro
793 914 922 962 finyas
950 934 999 939 -
1023 914 1208 961 proferas
1238 912 1369 951 dicere
1401 914 1560 951 coactus
1592 914 1667 951 est.

107 973 296 1011 Fortasse
321 974 457 1012 autem
483 971 643 1012 Lachm.
669 974 776 1011 recte
802 974 864 1011 cui
879 973 1090 1021 praeferas
1114 972 1333 1022 proposuit.

226 1032 368 1083 Neque
393 1031 498 1071 enim
524 1031 629 1082 apud
650 1031 934 1070 Terentianum
959 1035 1176 1080 antequam,
1197 1032 1300 1082 quod
1322 1031 1566 1099 antiquariis
1587 1044 1667 1069 non

102 1093 263 1142 gratum
289 1093 376 1130 erat
401 1086 469 1144 (cf.
484 1091 599 1141 Kalb,
619 1091 666 1131 R.
678 1091 715 1130 J.
737 1105 773 1141 p.
797 1085 870 1145 70)
896 1091 995 1130 alias
1021 1091 1102 1141 legi
1127 1091 1300 1141 memini,
1319 1091 1441 1129 immo
1466 1091 1508 1129 in
1529 1104 1564 1129 v.
1581 1081 1666 1130 690

102 1151 304 1191 invenitur
329 1154 416 1191 ante
441 1152 583 1200 liquere
606 1162 685 1189 non
704 1154 837 1200 potest,
862 1153 898 1190 si
921 1163 999 1190 non
1022 1152 1174 1199 prius.
1237 1122 1495 1200 ‚dispexeris

157 1245 166 1251 .
220 1207 303 1249 Ast
333 1211 464 1250 solum
494 1213 587 1250 ante
616 1210 774 1250 vocales
810 1211 917 1261 apud
948 1181 1246 1250 Terentianum
1272 1213 1313 1249 et
1352 1222 1488 1249 omnes
1527 1211 1678 1260 poetas⁴

103 1270 253 1321 legitur
277 1273 396 1321 atque
428 1270 544 1309 in'itio
570 1282 708 1310 versus
738 1271 820 1309 158
848 1273 909 1309 ast
931 1272 1020 1319 ipsa
1045 1272 1086 1309 et
1112 1271 1195 1310 957
1224 1274 1286 1310 ast
1310 1272 1428 1315 enim,
1462 1270 1592 1309 medio
1625 1270 1668 1308 in

103 1342 220 1369 versu
251 1332 333 1370 192
360 1333 422 1370 ast
445 1331 571 1369 altera
595 1333 738 1369 contra.
789 1329 873 1368 Hac
904 1342 999 1376 voce
1031 1330 1212 1368 obsoleta
1242 1332 1385 1381 poetae
1419 1342 1555 1368 carere
1588 1342 1668 1368 non

110 1391 347 1441 potuerunt3
372 1390 463 1440 plus
489 1389 538 1428 de
562 1402 637 1428 usu
661 1389 781 1428 huius
807 1390 970 1429 voculae
1001 1402 1063 1439 ap.
1091 1388 1218 1428 Krebs
1244 1390 1286 1428 in
1312 1390 1349 1428 h.
1375 1403 1410 1429 v.
1439 1393 1480 1428 et
1508 1402 1570 1439 ap.
1596 1389 1667 1430 Iw.

103 1449 272 1488 Mueller
296 1449 338 1487 II
364 1447 390 1498 ἓ
414 1450 497 1488 184
523 1449 711 1488 invenies.

219 1504 280 1547 At
305 1520 423 1563 saepe
448 1509 599 1559 legitur
624 1510 669 1547 ut
696 1510 762 1557 67,
790 1510 857 1560 89,
886 1510 982 1562 133,
1012 1510 1106 1557 199,
1135 1509 1218 1548 235
1247 1509 1315 1559 al.;
1348 1512 1390 1548 at
1421 1511 1552 1548 tamen
1581 1510 1667 1548 347

103 1570 149 1606 ut
173 1580 235 1618 ap.
263 1566 342 1607 Cic.
369 1568 558 1619 aliosque.

208 1624 381 1678 'Atque3
407 1628 455 1666 cf.
482 1640 602 1678 supra
627 1628 668 1666 in
693 1641 726 1667 v.
756 1628 826 1668 Ac.

221 1683 312 1726 Aut
334 1687 528 1736 voculam,
555 1700 657 1738 quae
682 1687 724 1726 in
748 1688 861 1738 vulgi
887 1700 954 1726 ore
980 1700 1136 1738 semper
1161 1688 1322 1727 duravit
1346 1708 1407 1716 -—
1433 1688 1479 1727 ef.
1506 1689 1668 1740 linguas

103 1746 339 1786 Romanicas
353 1764 420 1796 -—-,
442 1759 541 1786 saec.
555 1760 593 1796 p.
608 1745 698 1786 Chr.
713 1759 749 1785 11.
765 1747 936 1786 secundo
955 1759 979 1786 a
997 1748 1198 1786 nonnullis
1216 1747 1477 1798 scriptoribus
1488 1743 1522 1802 1)
1542 1750 1668 1788 multo

106 1805 238 1845 minus
264 1818 383 1856 quam
407 1807 466 1845 vel
490 1808 722 1856 usurpatam
749 1819 835 1845 esse
860 1819 950 1846 cum
970 1807 1109 1846 doctus
1137 1819 1265 1847 essem
1292 1820 1317 1846 a
1338 1808 1514 1847 Beckeio
1535 1803 1666 1862 (Stud.

105 1865 223 1915 Apul.
249 1878 286 1915 p.
310 1861 384 1919 13)
419 1868 460 1904 et
483 1865 628 1905 Kalbio
653 1859 719 1919 (R.
745 1866 783 1905 J.
809 1879 846 1916 p.
869 1860 964 1919 72),
996 1879 1131 1906 omnes
1163 1867 1262 1906 mihi
1294 1879 1434 1907 versus
1467 1868 1668 1919 exsciipsi,

106 1923 146 1962 in
172 1923 315 1974 quibus
339 1924 415 1963 hae
441 1925 661 1975 particulae
687 1925 894 1976 leguntur:

223 1998 307 2035 aut
343 1998 398 2036 49
438 1996 534 2035 locis
571 1996 773 2036 invenitur
809 1992 964 2051 (addidi
1004 1999 1107 2048 728,
1136 1999 1239 2048 733,
1266 1999 1369 2049 7933
1406 2001 1546 2038 contra
1572 2002 1669 2051 517,

109 2056 205 2107 788,
234 2056 330 2104 903,
358 2057 441 2095 916
467 2068 547 2095 non
573 2056 614 2094 in
638 2057 712 2096 hoc
737 2069 900 2095 numero
928 2059 1031 2106 sunt,
1059 2059 1107 2096 cf.
1134 2071 1170 2107 p.
1193 2059 1278 2097 354
1304 2059 1342 2096 h.
1363 2058 1389 2097 l.
1410 2071 1439 2098 s.
1460 2072 1496 2098 v.
1517 2072 1582 2105 an,
1603 2055 1668 2113 5),

224 2115 299 2155 vel
327 2115 523 2166 9010013,
563 2116 631 2154 sed
664 2116 698 2154 si
732 2130 795 2155 vv.
819 2117 915 2168 186,
943 2088 1039 2165 613,
1068 2117 1151 2156 683
1179 2112 1293 2170 (bis),
1321 2119 1418 2168 692,
1447 2119 1543 2167 695,
1572 2120 1670 2167 813,

109 2175 234 2225 1139,
264 2175 387 2226 1299,
416 2175 541 2226 1604,
570 2176 696 2226 2241,
724 2177 835 2213 2242
876 2170 945 2228 (cf.
970 2175 1111 2214 infra
1100 2189 1141 2214 ιιι
1167 2189 1203 2215 v.
1228 2170 1323 2231 vel),
1362 2176 1434 2215 ubi
1472 2181 1540 2217 aut
1577 2179 1670 2228 poni

106 2245 185 2272 non
209 2235 379 2285 poterat,
404 2234 662 2285 subtraxeris,
687 2206 744 2274 78
770 2235 845 2273 loci
870 2236 1045 2285 restant3

223 2306 279 2332 ve
307 2294 359 2332 16
385 2293 493 2332 locis.

224 2374 331 2425 Ergo
355 2375 397 2414 in
421 2377 542 2416 tertia
566 2377 650 2415 fere
674 2379 788 2426 parte
820 2377 997 2416 locorum
1021 2378 1218 2427 particula
1243 2381 1312 2416 aut
1336 2378 1472 2428 posita
1496 2381 1576 2429 est;
1610 2381 1669 2419 vel

106 2435 242 2472 autem
266 2434 549 2474 Terentianum
575 2435 696 2475 etiam
728 2437 803 2475 hac
834 2436 882 2475 de
914 2449 1035 2476 causa
1063 2437 1304 2487 praetulisse
1337 2440 1453 2487 puto,
1489 2438 1596 2489 quod
1628 2439 1669 2478 in

111 2492 293 2532 versibus
318 2493 474 2534 facilius
501 2495 680 2534 adhiberi
705 2498 874 2545 poterat.

228 2551 305 2591 Sed
329 2553 526 2603 quomodo
551 2555 693 2594 vocula
717 2558 786 2594 aut
810 2567 833 2593 a
856 2555 1095 2595 Terentiano
1120 2555 1300 2595 adhibita
1325 2556 1390 2606 sit,
1418 2569 1464 2595 ex
1490 2557 1540 2596 iis
1567 2570 1669 2609 quae

110 2613 333 2663 sequuntur
358 2612 455 2652 satis
481 2625 709 2666 cognosces3
737 2614 786 2652 de
811 2627 847 2653 v.
869 2615 955 2654 820
980 2615 1028 2654 cf.
1054 2615 1159 2653 infra
1183 2616 1224 2653 in
1248 2628 1343 2655 voce
1368 2616 1437 2654 vel.

227 2671 331 2710 Nam
355 2672 429 2711 hac
452 2672 651 2723 particula
675 2685 855 2723 moneor,
874 2675 920 2712 ut
945 2674 992 2713 de
1018 2675 1233 2724 partitione
1267 2687 1401 2713 rerum
1437 2688 1668 2716 enumeran-

229 2798 264 2841 1)
290 2795 502 2832 Maecianus
522 2797 586 2843 qui
610 2808 707 2833 anno
789 2797 872 2835 Chr.
895 2810 929 2835 n.
954 2801 1020 2834 175
1047 2800 1213 2853 mortuus
1239 2801 1306 2844 est,
1334 2803 1379 2835 60
1407 2799 1499 2836 locis
1519 2802 1586 2846 vel,
1605 2806 1672 2838 aut

114 2846 168 2887 10,
192 2842 407 2889 Apuleius
397 2856 436 2879 111
460 2847 612 2881 metam.
633 2810 813 2880 3011101)-
834 2856 1058 2891 quamquam
1086 2846 1125 2881 in
1150 2846 1307 2892 reliquis
1334 2847 1441 2883 libris
1461 2849 1672 2894 saepius—

111 2893 179 2973 gg
201 2894 479 2974 xggrpavegunt.
516 2893 597 2928 Hoc
622 2895 746 2928 autem
766 2893 846 2928 fieri
865 2894 1025 2939 poterat,
1045 2894 1145 2939 quod
1164 2894 1221 2930 vel
1239 2894 1491 2940 significatum
1518 2898 1672 2933 voculae

270 2949 380 2984 epera

183 3002 262 3031 Jahn·
261 3003 289 3030 b.
309 3003 328 3030 5.
348 3004 413 3031 031
432 3004 544 3031 Ρ,11101
546 3005 566 3031 l.
604 3005 707 3038 suppl.
726 3006 781 3032 Ba.
801 3006 917 3033 xxm.
1343 3006 1389 3037 24
