1942 3262
863 611 895 655 Ι.

161 694 244 743 ΒΕ
285 695 686 745 TERENTIAM
722 696 981 744 AETATE
1021 696 1190 753 QVAE
1230 697 1364 744 VIRI
1401 698 1589 746 DOCTI

495 766 712 816 ADHVC
752 767 1267 816 CONTENDERINT.

219 883 491 940 Terentiani¹)
517 887 566 926 de
596 888 842 938 temporibus
873 901 963 927 cum
994 888 1091 927 satis
1122 889 1273 927 certum
1306 889 1577 928 testimonium
1603 890 1654 928 ad

100 959 172 986 nos
191 959 269 986 non
290 946 343 985 sit
361 942 616 1000 perlatum2),
630 947 700 985 sed
719 949 860 997 quarto
880 947 1038 985 demum
1057 960 1092 996 p.
1114 945 1204 986 Chr.
1224 960 1262 985 n.
1283 949 1441 987 saeculo
1461 949 1653 988 memoria

100 1006 186 1045 eius
218 1006 454 1055 inveniatur,
481 1006 586 1056 quod
605 1005 682 1044 viri
701 1006 806 1044 docti
825 1006 930 1045 inter
950 1018 991 1044 se
1010 1005 1300 1045 dissentiebant
1319 1020 1398 1046 non
1418 1007 1563 1045 mirum
1583 1011 1655 1047 est.

99 1065 237 1116 Neque
278 1065 380 1103 enim
420 1065 527 1104 inter
562 1064 803 1104 vetustiores
840 1065 1055 1103 defuerunt
1091 1065 1176 1116 qui,
1215 1067 1261 1103 ut
1298 1065 1356 1104 ait
1395 1065 1596 1116 Gyraldus
1609 1062 1656 1120 ³),

98 1123 381 1162 Terentianum
402 1135 447 1162 ea
467 1117 683 1172 tempestate
706 1126 884 1171 floruisse
908 1127 1111 1167 censerent,
1137 1136 1215 1172 qua
1240 1125 1388 1163 litterae
1411 1127 1454 1163 in
1471 1124 1657 1174 Africam

97 1184 380 1232 miyravissent,
411 1185 435 1222 i.
463 1195 492 1222 e.
518 1182 663 1231 Apulei
689 1183 921 1222 Tertulliani
946 1182 1137 1232 Cypriani
1162 1185 1404 1232 temporibus,
1435 1197 1562 1234 neque
1588 1186 1655 1234 qui

97 1241 281 1282 futilibus
307 1242 385 1280 nisi
410 1242 655 1292 argumentis
680 1243 787 1281 haud
812 1243 870 1281 ita
894 1242 1021 1280 multo
1046 1243 1139 1292 post
1159 1242 1348 1281 Senecam
1370 1242 1654 1293 philosophum

97 1304 169 1340 aut
197 1302 359 1340 ineunte
397 1302 554 1340 saeculo
597 1301 768 1341 secundo
807 1301 932 1341 fuisse
963 1314 1055 1340 eum
1086 1296 1319 1355 dicerent4).
1376 1301 1489 1341 Hanc
1521 1305 1653 1341 autem

97 1361 322 1411 opinionem
345 1360 587 1411 Lachmann,
612 1373 700 1399 cum
726 1361 1013 1400 Terentianum
1038 1364 1072 1399 et
1094 1362 1290 1400 vocabulis
1316 1364 1350 1400 et
1366 1363 1655 1409 particularum

95 1431 172 1459 usu
201 1423 236 1458 et
267 1421 353 1468 ipsa
383 1421 654 1459 vocabulorum
684 1421 924 1459 collocat-ione
962 1421 1010 1459 ab
1041 1421 1119 1459 illis
1155 1421 1338 1468 felicioris
1369 1423 1506 1460 aetatis
1528 1423 1655 1469 poetis

96 1480 268 1518 recedere
298 1479 468 1527 videret,
503 1479 713 1528 refutavit,
746 1479 832 1529 ipse
864 1491 951 1518 cum
978 1479 1211 1518 Petronium
1235 1492 1301 1519 vv.
1330 1481 1442 1519 2489
1471 1482 1512 1518 et
1538 1481 1652 1519 2852

96 1540 448 1577 commemoratum
485 1538 615 1577 medio
651 1539 808 1577 saeculo
840 1551 877 1588 p.
903 1537 994 1577 Chr.
1026 1551 1062 1576 n.
1095 1538 1216 1577 tertio
1254 1538 1378 1577 fuisse
1410 1539 1654 1588 opinaretur,

97 1597 380 1636 Terentianum
413 1596 487 1635 sub
519 1597 636 1635 finem
668 1597 753 1636 eius
791 1597 941 1636 saeculi
971 1597 1177 1647 scripsisse
1209 1592 1469 1650 contendit5).
1527 1597 1654 1642 Quam

98 1656 341 1695 Lachmanni
372 1656 611 1694 sententiam
642 1658 801 1706 praeter
832 1650 974 1709 alios⁶)
1009 1655 1116 1707 Keil,
1148 1669 1389 1707 quamquam
1423 1656 1653 1696 Petronium

98 1715 268 1755 Neronis
311 1715 520 1766 aequalem
557 1714 681 1755 fuisse
721 1715 800 1753 iam
844 1716 950 1754 inter
987 1727 1123 1754 omnes
1161 1715 1370 1754 constabat
1405 1716 1541 1766 itaque
1579 1716 1653 1755 hoc

98 1774 340 1814 Lachmanni
372 1776 651 1825 argumentum
682 1775 762 1813 iam
799 1775 952 1813 nullum
985 1776 1089 1825 erat,
1125 1774 1251 1814 nihilo
1284 1774 1414 1813 minus
1447 1775 1651 1824 amplexus

96 1836 175 1886 est,
203 1845 292 1872 cum
318 1828 526 1884 diceret⁷):
559 1837 703 1873 certum
733 1845 813 1873 esse
835 1838 932 1883 puto
959 1834 1234 1873 Terentianum
1263 1835 1414 1873 saeculo
1439 1836 1547 1873 tertio
1571 1846 1649 1874 non

217 1959 252 2004 1)
279 1958 512 2004 Quamquam
543 1958 766 2003 cognomina
791 1959 956 1994 Maurus
985 1958 1024 1994 in
1054 1960 1157 2002 octo,
1192 1958 1337 1994 Maura
1367 1958 1406 1994 in
1437 1969 1571 1995 novem
1597 1959 1653 1994 in-

97 2005 362 2052 scriptionibus
388 2005 475 2042 CIL.
500 2006 573 2042 vol.
602 2004 687 2040 VIII
716 2005 970 2050 inveniuntur,
1004 2008 1132 2041 tamen
1157 2005 1382 2042 Terentiano
1413 2007 1486 2042 hoc
1516 2017 1652 2052 cogno-

94 2065 181 2089 men
205 2064 280 2089 non
303 2053 418 2089 fuisse
443 2053 602 2089 videtur.
652 2051 749 2088 Nam
769 2064 853 2088 cum
872 2052 1017 2099 antiqui
1036 2053 1235 2098 scriptores
1254 2053 1365 2088 multi
1384 2053 1649 2089 Terentianum

95 2101 388 2138 commemorent
418 2111 538 2146 neque
568 2102 694 2135 tamen
726 2100 925 2146 quisquam
955 2102 1105 2146 praeter
1129 2100 1379 2145 Augustinum
1411 2101 1447 2136 ei
1471 2100 1651 2136 Maurum

96 2158 303 2194 cognomen
328 2148 393 2184 det
415 2158 537 2193 neque
555 2148 594 2183 in
614 2147 653 2182 M
671 2149 742 2184 hoc
760 2147 922 2193 legatur,
946 2158 1077 2184 vereor
1094 2158 1141 2183 ne
1161 2147 1391 2193 Augustinus
1410 2159 1519 2183 versu
1541 2152 1651 2184 1971:

95 2195 258 2232 Maurus
286 2197 371 2231 item
402 2198 556 2241 quantos
581 2196 691 2240 potui
721 2205 927 2241 cognoscere
960 2195 1096 2231 Graios
1125 2195 1164 2230 in
1195 2205 1357 2231 errorem
1388 2194 1572 2231 adductus
1603 2196 1653 2231 sit

95 2244 163 2278 aut
185 2242 312 2288 potins
338 2242 417 2279 eius
441 2241 566 2278 verbis
591 2242 766 2287 aequales
790 2241 919 2278 nostri.
964 2243 1095 2286 Neque
1116 2241 1215 2278 enim
1234 2242 1324 2278 alibi
1346 2241 1485 2278 similes
1504 2243 1650 2287 patriae

93 2289 386 2335 significationes
411 2289 511 2335 apud
530 2289 780 2334 Augustinum
806 2290 950 2334 desunt,
975 2290 1019 2324 nt
1042 2288 1114 2325 civ.
1140 2289 1200 2325 dei
1225 2293 1260 2334 8,
1281 2293 1324 2324 12
1345 2290 1526 2334 Apuleius
1544 2290 1651 2335 Afer,

94 2336 184 2372 ibid.
205 2340 243 2381 8,
265 2340 310 2372 14
340 2336 521 2382 Apuleius
554 2337 771 2380 Platonicus
809 2336 1088 2381 Madaurensis,
1126 2347 1183 2382 ep.
1204 2340 1225 2371 2
1251 2340 1393 2381 quaest.
1414 2341 1435 2372 6
1468 2337 1649 2381 Apuleius

96 2384 361 2420 Mundam-ensis
383 2384 439 2420 vel
457 2384 677 2429 Apollonius
697 2383 877 2430 Tyaneus.
928 2384 1056 2429 Neque
1081 2393 1168 2419 vero
1187 2383 1428 2419 Terentianus
1453 2383 1520 2419 illo
1541 2395 1648 2419 versu

94 2430 222 2467 ludere
247 2430 406 2476 videtur,
430 2432 473 2466 nt
498 2430 608 2466 simul
634 2432 672 2466 et
695 2430 856 2475 patriam
881 2432 919 2466 et
944 2441 1151 2476 cognomen
1176 2430 1370 2476 significet.

212 2479 250 2524 2)
274 2476 558 2524 Inscriptionem
577 2477 661 2514 CIL.
674 2477 761 2513 VIII
779 2481 890 2514 8412:
917 2478 1012 2523 Imp.
1035 2477 1132 2513 Caes.
1153 2477 1289 2513 Flavio
1310 2477 1549 2514 Constantino
1564 2504 1573 2513 .
1588 2505 1598 2515 .
1616 2505 1625 2513 .
1641 2506 1649 2514 .

95 2524 257 2561 Flavius
291 2525 530 2562 Terentianus
556 2536 586 2560 v.
608 2536 647 2571 p.
674 2536 823 2571 praeses
842 2525 1056 2571 provinciae
1082 2525 1346 2561 Mauretaniae
1376 2524 1478 2568 Sitis.
1494 2553 1501 2560 .
1515 2552 1523 2560 .
1540 2552 1546 2560 .
1562 2553 1571 2562 .
1610 2526 1649 2560 et

95 2571 256 2608 similem
287 2572 453 2608 eiusdem
476 2571 548 2607 viri
572 2575 664 2607 8982
695 2572 805 2608 initio
837 2571 976 2608 saeculi
1007 2572 1130 2616 quarti
1160 2571 1280 2608 factas
1311 2582 1396 2607 cum
1420 2571 1646 2608 Terentiano

93 2619 249 2656 metrico
279 2618 373 2655 nihil
405 2629 597 2655 commune
628 2618 765 2655 habere
796 2630 914 2664 neque
939 2622 1032 2655 3880
1064 2619 1131 2654 aut
1160 2629 1241 2663 eas,
1266 2618 1306 2654 in
1331 2619 1466 2664 quibus
1492 2619 1649 2655 nomina

93 2666 277 2703 Bassiana
295 2668 334 2702 et
353 2666 521 2702 Novatus
539 2665 602 2711 leg
604 2667 724 2711 untur,
745 2666 794 2702 ad
812 2665 1025 2703 Terentiani
1050 2664 1168 2701 filium
1186 2669 1299 2712 atque
1318 2677 1496 2712 generum
1516 2666 1647 2702 referri

93 2724 204 2760 posse
229 2713 338 2750 facile
363 2725 438 2759 app
441 2714 532 2749 aret.

212 2763 250 2807 8)
273 2759 328 2796 Cf.
354 2760 456 2796 Sant.
481 2759 598 2805 praef.
623 2771 659 2805 p.
687 2760 729 2796 V.

213 2813 250 2851 4)
275 2807 367 2843 Ibid.
394 2806 506 2853 p.111
531 2819 547 2842 s

213 2857 249 2901 5)
275 2853 328 2891 cf.
357 2855 508 2890 Lachm.
536 2865 559 2889 a
576 2819 824 2889 qTerentiani
850 2854 937 2890 edit.
964 2854 1079 2900 praef.

213 2904 250 2947 6)
275 2901 329 2939 ef.
356 2902 482 2938 Herm.
506 2900 688 2945 Wentzel‚
715 2901 764 2947 Sy
768 2901 913 2937 mbolae
945 2901 1096 2936 criticae
1122 2900 1171 2937 ad
1196 2900 1393 2938 historiam
1420 2902 1644 2948 scriptorum

96 2948 149 2984 rei
173 2948 352 2986 metricae
376 2948 602 2992 Latinorum,
629 2914 878 2984 Vratislaviae
906 2951 997 2985 1858
1023 2961 1059 2995 p.
1085 2952 1142 2984 26.

215 2998 250 3041 7)
271 2996 431 3033 Gramm.
459 2996 538 3033 Lat.
566 2995 615 3032 VI
641 2998 720 3032 323.

1775 1102 1798 1118 Δ
