1878 3242
240 192 323 233 344
903 192 942 226 A.
962 190 1108 227 Werth:

356 302 408 339 II.
435 301 583 350 tropice
609 301 835 339 adhibetur:

356 355 399 411 a)
425 359 473 397 ad
498 359 743 398 indicandam
766 360 1018 409 potestatem:

359 419 470 456 1292
490 419 702 467 pendebam
726 419 946 466 ambiyuum
970 419 1115 456 trutina
1138 418 1208 456 sub
1233 418 1355 456 iudice
1379 429 1534 466 corpus‚·
1557 419 1626 457 sub
1650 419 1771 457 iudice

240 476 345 524 Hor.‚
371 476 516 515 similia.
540 476 654 514 multi
678 476 877 525 praebent.

357 529 402 586 b)
428 534 708 573 condicionem:

360 594 467 631 1611
495 594 564 632 sub
589 594 748 631 alterius
771 595 949 631 consonat
973 585 1206 644 (spondeus)
1231 593 1430 638 vocabulo;
1454 592 1572 631 etiam
1598 593 1670 632 hoc
1695 594 1769 632 usi-

243 653 371 689 tatum
397 653 498 701 erat3
524 652 572 690 cf.
591 651 716 690 Krebs
740 651 781 689 in
806 664 866 690 vv.
885 662 1036 694 nomen,
1055 662 1240 699 persona,
1266 651 1344 689 sub.

358 704 396 761 c)
423 709 591 748 dictione
614 722 691 748 non
717 710 833 758 plane
857 704 1042 748 insolenti
1067 709 1241 758 scripsit:

359 769 439 807 561
467 768 534 806 hoc
557 769 626 806 ,sub
652 768 828 816 exemplis
852 769 994 806 videbis
1019 779 1096 806 csse
1112 768 1278 816 planwm
1301 769 1519 814 nominum5
1544 770 1649 807 certe
1668 768 1772 817 apud

242 827 332 865 Tac.
352 839 439 865 ann.
461 828 499 876 3,
521 827 574 865 68
595 828 635 864 et
654 828 692 875 4,
714 828 764 864 11
789 820 858 877 (cf.
873 826 1015 875 Draeg.
1035 820 1073 863 1²
1093 827 1189 875 662,
1214 824 1239 875 g
1262 828 1357 877 299,
1378 829 1418 876 1,
1437 822 1476 878 e)
1495 827 1536 864 et
1555 826 1658 875 apud
1678 826 1772 865 Mar.

241 884 341 923 Vict.
361 899 396 935 p.
420 886 486 934 38,
508 886 561 923 14
581 885 628 924 Κ.
655 884 790 923 eadem
813 884 1021 923 invenitur.

941 994 1082 1040 Super.

358 1085 469 1122 2359
497 1084 591 1122 libro
617 1113 624 1120 .
645 1112 653 1121 .
675 1114 682 1121 .
704 1111 713 1121 .
738 1094 848 1130 quem
871 1082 972 1121 dedit
994 1083 1124 1120 metris
1148 1094 1273 1130 super.
1321 1081 1444 1131 Super
1467 1094 1537 1133 pro
1562 1083 1607 1122 dc
1630 1081 1773 1122 Caesar

240 1154 452 1192 nusquam,
479 1140 555 1180 Cic.
580 1141 622 1178 in
647 1140 826 1190 epistulis
850 1142 1016 1190 tantum,
1041 1140 1140 1190 Nep.
1165 1142 1205 1179 et
1230 1140 1325 1180 Sall.
1350 1141 1515 1191 singulis
1539 1141 1635 1180 locis
1659 1153 1770 1180 usur-

239 1202 450 1250 paverunt,
487 1199 555 1238 sed
591 1211 804 1249 numquam
842 1212 888 1237 ex
925 1211 998 1237 usu
1036 1199 1213 1248 evanuit,
1246 1199 1365 1237 immo
1403 1199 1507 1248 apud
1541 1199 1696 1238 Livium
1733 1202 1774 1238 et

240 1259 478 1308 posteriores
504 1257 630 1307 magis
656 1258 859 1307 magisque
884 1259 1040 1307 recepta
1066 1259 1136 1295 est.
1181 1256 1238 1295 cf.
1259 1257 1402 1306 Draeg.
1421 1252 1458 1296 I2
1478 1259 1560 1296 664
1588 1259 1627 1296 et
1645 1257 1771 1296 Krebs

241 1317 281 1354 in
301 1317 338 1354 h.
358 1330 395 1356 v.
438 1311 648 1368 (ICtorum
673 1316 850 1365 exempla
875 1315 976 1354 Kalb
996 1315 1040 1353 R.
1060 1316 1098 1353 J.
1116 1329 1152 1366 p.
1176 1316 1256 1355 105
1285 1316 1459 1367 collegit3
1485 1316 1532 1355 cf.
1558 1316 1678 1355 etiam
1701 1316 1772 1354 lin-

241 1387 340 1424 guas
375 1371 637 1424 Romanicas.)
687 1373 785 1412 Cum
818 1374 897 1412 iam
923 1372 1076 1412 Gellius
1109 1374 1314 1412 immodice
1346 1386 1461 1423 super
1489 1386 1560 1424 pro
1592 1375 1638 1413 de
1661 1387 1773 1413 usur-

241 1433 407 1483 paverit,
433 1432 661 1471 Terentiani
690 1445 831 1482 parcus
856 1444 951 1471 usus
976 1432 1102 1483 magis
1127 1432 1340 1471 secundum
1364 1445 1481 1482 quam
1506 1433 1665 1471 tertium
1692 1444 1772 1471 sae-

241 1492 373 1530 culum
398 1491 556 1530 indicat.

945 1542 1075 1589 Supra

240 1619 469 1659 adverbium
501 1621 578 1658 est:
620 1620 726 1660 1151
757 1620 813 1658 bis
837 1621 957 1658 decies
980 1631 1171 1668 umwnque
1194 1631 1314 1668 supra
1338 1613 1413 1672 (=
1433 1621 1545 1658 vicies
1568 1620 1695 1669 semel,
1726 1619 1772 1658 cf.

244 1692 280 1728 p.
302 1672 406 1731 324)
433 1680 473 1717 et
497 1679 664 1729 saepius,
690 1678 758 1716 ubi
783 1678 1023 1728 superiorem
1049 1678 1176 1717 locum
1195 1678 1288 1717 libri
1307 1677 1511 1729 significat,
1536 1679 1582 1716 ut
1603 1678 1712 1717 1177
1732 1680 1773 1716 ut

240 1749 360 1785 supra
391 1738 544 1776 ostendi.
594 1736 796 1775 Particula
826 1736 913 1786 ipsa
945 1736 1006 1774 his
1038 1737 1134 1776 locis
1160 1749 1238 1775 non
1262 1736 1476 1776 insolenter
1501 1735 1678 1776 adhibita
1701 1738 1773 1786 est,

241 1796 287 1834 cf.
308 1794 434 1834 Krebs
459 1796 500 1834 in
525 1795 560 1834 h.
580 1808 616 1834 v.

945 1848 1076 1884 Tenus

240 1935 289 1961 ne
309 1922 447 1973 optimi
466 1923 623 1972 quidem
643 1923 853 1972 scriptores
875 1923 1110 1962 vitaverunt.
1143 1923 1404 1962 Terentianus
1422 1923 1521 1962 hanc
1541 1923 1772 1972 particulam

240 1982 281 2019 in
306 1994 342 2019 v.
365 1982 448 2020 120
481 1981 657 2020 adhibet:
689 1983 704 2020 i
727 1982 870 2020 renidet
901 1993 1038 2030 supero
1062 1984 1169 2020 tenus
1193 1982 1337 2021 labello.
1385 1981 1596 2020 Praeterea
1620 1981 1661 2019 in
1685 1982 1771 2021 hac-

240 2042 347 2078 tenus
372 2042 412 2078 et
436 2043 620 2087 quatenus
645 2041 802 2078 servata
827 2042 887 2078 est
912 2034 979 2091 (cf.
1001 2039 1077 2078 ind.
1096 2040 1218 2090 partt.
1243 2039 1283 2078 in
1307 2040 1369 2079 his
1394 2036 1583 2091 vocibus).

944 2151 1070 2187 Trans

241 2239 280 2275 in
306 2238 482 2288 exemplo
510 2239 591 2277 616
615 2255 667 2268 =
691 2239 775 2277 770
801 2241 908 2278 trans
932 2251 1039 2277 marc
1064 2236 1176 2288 (Hor.
1196 2238 1340 2288 aliique
1367 2233 1510 2290 multi).

950 2349 1067 2386 Ultra

360 2438 468 2477 2591
497 2437 726 2476 adverbium
753 2439 830 2476 est:
855 2448 922 2476 nec
947 2439 1020 2476 exit
1042 2437 1155 2476 ultra.

358 2635 523 2685 Singula
550 2636 854 2684 <percensuimus
888 2635 1199 2685 comparavimus
1230 2648 1357 2686 neque
1390 2635 1596 2686 quicquam
1627 2636 1770 2674 inveni-

242 2706 328 2731 mus
355 2694 447 2743 quin
475 2694 630 2732 saeculo
656 2693 824 2733 secundo
850 2697 1014 2732 exeunte
1039 2693 1114 2732 dici
1138 2693 1322 2743 potuerit.
1369 2694 1454 2732 Iam
1478 2695 1658 2732 universe
1682 2706 1768 2733 cum

241 2752 621 2802 comprehendimus,
660 2755 756 2802 quot
787 2751 1048 2791 Terentianus
1082 2752 1258 2791 licentias
1288 2751 1507 2802 admiserit,
1548 2754 1643 2802 quot
1676 2752 1770 2790 vita-

242 2811 354 2859 verit,
379 2810 514 2848 itidem
540 2811 767 2849 Terentiani
791 2823 905 2848 usum
930 2811 1263 2860 praepositionum
1289 2823 1406 2860 quam
1431 2810 1596 2848 maxime
1620 2810 1667 2848 ad
1688 2822 1770 2849 sae-

240 2868 315 2904 culi
354 2869 511 2906 secundi
550 2868 727 2907 exeuntis
764 2881 981 2907 sermonem
1019 2869 1212 2918 quadrare
1249 2869 1483 2907 censendum
1520 2869 1590 2906 est.
1655 2867 1770 2908 Certe

242 2924 512 2963 Tertullianus
544 2926 584 2963 in
617 2939 688 2964 usu
721 2927 1070 2977 praepositionum,
1106 2926 1302 2965 Arnobius
1332 2926 1483 2974 rhetor,
1512 2925 1622 2964 cuius
1647 2926 1769 2965 Lach-
