1942 3262
470 189 524 225 De
549 186 766 224 Terentiani
790 196 960 223 sermone
985 187 1023 222 et
1047 186 1184 222 aetate.
1522 184 1609 227 299

50 305 143 344 ante
175 302 459 342 Terentianum
491 303 562 340 aut
591 312 674 341 non
703 300 830 339 multo
861 301 954 339 ante
986 313 1076 338 eum
1106 298 1230 338 libros
1257 298 1430 338 edidisse
1464 300 1608 349 potest.

49 363 154 403 Nam
184 375 274 402 cum
306 361 570 402 Terentianus
603 362 731 400 artem
761 360 968 400 metricam
1005 359 1268 413 posteriorem
1306 371 1427 409 quam
1465 358 1556 397 inde
1587 371 1611 396 a

50 421 290 472 Westphalii
314 422 428 461 libris
454 420 628 460 metricis
653 431 794 460 vocare
826 419 1002 459 solemus
1034 419 1145 458 nullo
1171 419 1295 458 verbo
1327 421 1612 457 commemoret

51 494 179 532 neque
211 482 337 532 igitur
362 482 520 521 novisse
544 481 739 530 videatur,
764 478 866 518 Iuba
890 481 1023 518 autem
1049 491 1137 518 eam
1163 479 1323 517 secutus
1350 477 1423 528 sit,
1450 476 1610 516 Schultz

54 541 336 580 Terentianum
374 553 454 580 non
489 542 580 590 post
610 539 769 590 Iubam,
802 539 826 578 i.
848 551 880 577 e.
911 551 991 577 non
1027 540 1119 588 post
1156 538 1357 577 saeculum
1394 535 1609 576 secuudum

51 601 258 651 scripsisse
284 600 491 640 concludit.

179 665 293 711 Quod
312 667 592 715 argumentum
612 677 702 703 cum
720 665 885 714 propter
901 663 1026 703 Iubae
1045 664 1219 702 aetatem
1237 661 1356 700 nimis
1374 661 1567 701 incertam
1578 656 1611 714 ¹)

54 738 135 764 non
158 725 317 764 firmum
343 725 408 776 sit,
427 724 712 763 Terentianum
736 722 861 762 Iubae
878 721 978 762 Arte
1002 735 1081 762 non
1106 723 1220 761 usum
1248 716 1379 773 esse2)
1404 734 1476 772 pro
1502 723 1612 760 certo

55 784 194 824 haberi
218 786 361 834 potest.
417 784 543 822 Immo
569 784 611 822 in
635 782 875 822 contrariam
901 781 1140 821 sententiam
1167 781 1234 831 qui
1260 780 1418 819 abirent
1442 793 1522 819 non
1547 781 1613 819 de-

53 844 227 883 fuerunt.
271 842 327 882 Ut
345 843 526 882 Wentzel
551 836 630 895 (De
654 842 756 881 Iuba
780 842 946 881 metrico
971 844 1074 892 part.
1093 841 1114 879 I
1137 854 1175 890 p.
1197 835 1262 893 5):
1288 841 1444 884 Iubam,
1469 840 1611 890 inquit,

51 903 227 952 Septimii
250 902 384 942 Sereni
413 903 598 951 opuscula
622 902 778 941 ruralia
803 902 1012 950 inspexisse
1040 904 1074 939 et
1102 902 1145 939 in
1174 901 1356 938 manibus
1386 900 1565 938 habuisse
1577 893 1612 952 ³)

53 963 227 1001 Hensius
265 963 360 1002 adeo
394 963 515 1001 nullis
551 963 662 1000 certis
699 962 935 1009 aryumemis
972 961 1246 1010 comprobavit,
1283 962 1327 998 ut
1355 960 1490 1007 potius
1526 970 1614 997 cum

54 1022 182 1061 Keilio
212 1016 302 1074 (Gr.
321 1021 365 1060 L.
385 1020 443 1059 VI
467 1034 504 1071 p.
525 1020 599 1058 XV
632 1022 672 1059 et
703 1014 816 1072 XVI)
854 1020 971 1058 huius
993 1022 1131 1067 poetae
1167 1030 1302 1058 versus
1333 1030 1352 1057 e
1384 1019 1612 1057 Terentiano

57 1093 142 1120 eum
165 1081 340 1120 hausisse
365 1083 399 1120 et
421 1092 525 1119 more
548 1091 618 1119 suo
643 1082 891 1118 commutatos
914 1080 956 1118 in
981 1078 1118 1117 Artem
1141 1079 1327 1126 recepisse
1352 1079 1533 1126 suspicer.

174 1145 278 1184 Utut
302 1146 401 1185 haec
424 1158 489 1185 res
515 1158 556 1184 se
580 1145 714 1195 habet,
734 1157 891 1183 summa
916 1143 1195 1193 disputationis
1214 1143 1491 1181 Schultzianae
1515 1142 1614 1182 haec

55 1208 132 1244 est:
158 1205 290 1245 Setzen
313 1207 386 1244 wir
409 1205 476 1244 ilm
499 1205 599 1244 nach
618 1206 745 1244 diesen
764 1205 1038 1252 Erwc'iyunyen
1061 1215 1128 1241 um
1153 1204 1214 1241 die
1232 1203 1347 1241 Mitte
1371 1203 1436 1241 des
1459 1204 1614 1241 ,eweiten

54 1265 355 1310 Jahrhunderts‚
379 1266 482 1304 seine
505 1264 649 1312 Schrifl
671 1275 738 1302 um
763 1263 855 1307 175,
879 1275 921 1302 so
946 1263 1045 1301 wird
1068 1262 1148 1301 sich
1172 1262 1270 1300 wohl
1294 1262 1391 1300 auch
1415 1263 1459 1300 in
1483 1262 1621 1308 betreff

57 1325 125 1363 der
148 1323 318 1372 Sprache
340 1324 464 1363 nichts
488 1324 706 1362 einwenden
737 1323 881 1366 lassen,
908 1323 966 1361 bei
991 1323 1058 1360 der
1088 1333 1182 1360 man
1208 1321 1306 1359 auch
1331 1322 1392 1359 die
1415 1321 1615 1369 Herkunft

58 1383 124 1422 des
146 1383 326 1422 Dichters
349 1384 432 1422 und
455 1383 516 1422 die
539 1382 821 1430 Schwieriykeit
844 1383 912 1420 der
936 1381 1090 1420 Metren
1113 1392 1163 1420 zu
1193 1381 1512 1429 beracksichtiqen
1536 1381 1614 1419 hat.

177 1447 263 1487 Hoc
286 1448 412 1500 igitur
437 1447 626 1486 Schultzii
650 1448 699 1486 de
719 1446 949 1486 Terentiani
974 1447 1106 1485 aetate
1131 1445 1322 1484 iudicium
1348 1447 1483 1483 utrum
1509 1457 1613 1484 com-

58 1507 306 1557 probandum
332 1502 427 1560 sit4)
455 1519 507 1545 an
531 1507 784 1545 Lachmanno
810 1505 940 1545 Keilio
967 1506 1130 1555 reliquis
1158 1505 1474 1553 assentiendum,
1501 1517 1612 1544 accu-

61 1568 150 1606 rata
175 1567 368 1606 sermonis
394 1566 672 1606 observatione
698 1565 983 1615 exquirendum
1008 1567 1081 1604 est.

178 1632 255 1671 Sed
290 1633 504 1682 antequam
535 1632 663 1682 ipsam
695 1644 782 1670 rem
812 1630 1109 1680 adgrediamur,
1143 1630 1391 1680 aliquantum
1422 1629 1615 1680 temporis

59 1691 164 1730 inter
188 1691 335 1730 librum
360 1690 523 1730 tertium
556 1690 706 1729 editum
739 1691 780 1728 et
811 1690 1023 1729 secundum
1058 1689 1303 1729 intercedere
1334 1689 1461 1729 videri
1493 1689 1614 1739 signi-

61 1750 258 1789 ficandum
289 1752 362 1790 est.
423 1749 565 1789 Libros
597 1750 702 1788 enim
733 1749 907 1799 primum
938 1750 979 1787 et
1009 1749 1175 1788 tertium
1205 1748 1355 1788 Marius
1380 1748 1615 1787 Victorinus

62 1809 124 1849 vel
151 1809 283 1860 potius
302 1808 566 1859 Aphthonius,
593 1809 660 1859 qui
686 1808 901 1848 secundum
927 1821 1006 1847 non
1030 1809 1186 1847 novisse
1211 1802 1429 1861 videtui-⁵),
1455 1809 1614 1847 secutus

62 1869 134 1917 est,
158 1880 284 1918 neque
309 1867 505 1907 secundus
531 1868 580 1907 ab
606 1867 851 1918 Augustino,
878 1867 946 1918 qui
975 1868 1102 1917 primo
1136 1869 1177 1906 et
1206 1867 1344 1918 tertio,
1370 1869 1441 1906 aut
1473 1880 1496 1906 a
1520 1867 1615 1906 Dio-

63 1927 193 1975 mede,
226 1927 295 1978 qui
323 1926 444 1966 tertio
474 1939 569 1966 usus
604 1929 680 1975 est,
707 1921 1094 1979 commemoraturss).
1144 1926 1369 1966 Secundum
1394 1929 1545 1973 autem,
1570 1927 1613 1964 iu

61 1999 138 2036 quo
168 1986 374 2036 complura
405 1998 451 2024 ex
480 1986 608 2037 primo
641 1989 682 2025 et
712 1986 831 2026 tertio
863 1998 909 2025 ac
938 1986 1087 2036 partim
1118 1985 1167 2024 ad
1199 1986 1364 2025 verbum
1398 1981 1616 2039 repetiit7),

62 2058 180 2084 senex
205 2045 374 2096 scripsit,
392 2045 433 2084 id
452 2045 557 2095 quod
576 2057 656 2084 non
674 2048 756 2084 tam
777 2058 825 2085 ex
843 2045 979 2084 morbo
1000 2047 1307 2085 commemorato
1325 2059 1389 2085 vv.
1408 2047 1517 2084 1291
1532 2043 1615 2095 sqq,

62 2106 134 2143 aut
159 2117 207 2144 ex
231 2117 277 2144 eo
303 2105 406 2155 quod
426 2117 546 2154 aeger
566 2117 666 2155 opus
691 2105 772 2143 filio
792 2117 1019 2155 generoque
1039 2107 1131 2143 ante
1151 2104 1365 2143 editionem
1391 2105 1616 2154 perpolien-

62 2164 156 2202 dum
180 2163 304 2203 tradit
328 2177 392 2204 vv.
414 2165 496 2203 283
513 2176 608 2214 sqq.,
631 2176 749 2214 quam
776 2177 823 2203 ex
847 2164 1094 2214 praefatione
1113 2164 1237 2203 totius
1259 2164 1362 2214 quod
1387 2177 1492 2203 nunc
1516 2164 1615 2214 legi-

181 2314 216 2358 1)
239 2311 412 2348 Wontzel
436 2312 476 2347 in
501 2312 687 2357 Symbolis
721 2311 859 2348 criticis
889 2325 925 2358 p.
948 2317 990 2348 17
1023 2314 1061 2349 et
1084 2313 1207 2348 Hense
1238 2312 1387 2358 Iubam,
1421 2312 1521 2358 quod
1546 2313 1618 2348 Te-

59 2358 220 2395 rentiani
244 2359 411 2404 aequalis
436 2359 496 2404 sit,
522 2359 590 2395 sub
616 2361 726 2396 finem
752 2360 890 2396 saeculi
915 2359 1019 2396 tertii
1045 2360 1236 2406 scripsisse
1263 2360 1489 2396 existimant.
1517 2380 1559 2387 -
1586 2361 1616 2395 E

61 2418 230 2443 sermone
254 2406 386 2451 Iubae,
411 2406 587 2452 quoniam
613 2418 708 2453 quae
733 2407 840 2443 Artis
871 2406 1082 2453 fragmenta
1106 2407 1226 2443 Hense
1259 2407 1413 2453 collegit
1437 2420 1526 2443 num
1551 2419 1618 2452 ge-

59 2453 173 2491 nuina
204 2453 317 2490 Iubae
354 2454 470 2490 verba
499 2455 702 2500 praebeant
732 2457 799 2491 aut
828 2454 978 2490 omnino
1017 2465 1062 2490 ex
1091 2454 1193 2490 illius
1225 2454 1330 2491 libris
1360 2455 1510 2501 sumpta
1543 2454 1620 2491 sint

60 2500 162 2538 nullo
187 2501 298 2538 modo
323 2501 556 2547 comprobari
580 2504 705 2548 potest
731 2504 769 2538 et
794 2504 897 2538 certa
921 2502 1133 2548 fragmenta
1157 2513 1346 2548 perpauca
1378 2504 1480 2547 sunt,
1506 2513 1617 2549 argu-

60 2551 188 2584 menta
211 2549 290 2595 peti
313 2559 387 2585 non
411 2551 576 2595 possunt

180 2598 217 2641 2)
241 2596 530 2642 Westphalium.
555 2596 620 2642 qui
643 2596 758 2632 Iubae
778 2597 905 2633 Artem
929 2607 952 2631 a
970 2595 1194 2633 Terentiano
1221 2596 1429 2633 adhibitam
1455 2609 1536 2634 esse
1562 2598 1618 2634 iu—

64 2642 264 2686 dicaverat.
289 2642 412 2679 Hense
437 2655 473 2689 p.
494 2647 658 2680 95—100
682 2644 830 2680 refutat.

180 2692 216 2736 3)
240 2690 376 2736 Agitur
409 2691 455 2726 de
480 2691 647 2727 versibus
677 2691 753 2727 iam
784 2702 897 2738 supra
926 2702 961 2736 p.
983 2695 1073 2736 9sq.
1100 2692 1398 2728 commemoratis
1424 2696 1517 2728 2001
1534 2705 1617 2739 sqq.

62 2738 209 2783 quando
232 2738 375 2784 flagella
402 2749 431 2774 e.
454 2749 488 2783 q.
509 2750 550 2780 s..
575 2738 621 2775 cf.
647 2737 759 2774 Keilii
784 2739 831 2775 ad
855 2738 954 2774 hunc
978 2750 1126 2774 versum
1153 2739 1237 2774 adn.

179 2786 218 2831 4)
242 2785 395 2821 Assensi
420 2786 507 2821 sunt
530 2785 606 2821 Leo
631 2786 672 2820 in
696 2785 819 2822 Herm.
840 2785 961 2820 XXIV
980 2789 1049 2820 283
1064 2798 1163 2832 sqq.,
1195 2786 1373 2822 Schwabe
1400 2787 1439 2822 in
1464 2787 1618 2833 Teuffel,

63 2830 195 2868 Gesch.
220 2831 256 2868 d.
281 2835 373 2868 rom.
393 2831 482 2868 Litt.
508 2836 528 2876 ξ
549 2836 632 2877 373,
657 2833 708 2877 a⁸,
734 2832 922 2878 Ribbeck,
950 2832 1081 2870 Gesch.
1101 2833 1136 2869 d.
1164 2836 1254 2871 rom.
1275 2833 1466 2881 Diohtung
1489 2847 1525 2881 p.
1537 2838 1616 2872 323.

180 2882 215 2923 ὁ)
241 2878 295 2915 cf.
321 2878 437 2915 etiam
463 2880 596 2924 Hense,
622 2892 657 2926 p.
678 2884 829 2917 84-86.

180 2927 215 2971 6)
239 2925 300 2963 Gr.
320 2927 361 2963 L.
380 2926 431 2962 VI
449 2931 529 2963 322.

180 2975 215 3019 ⁷)
240 2973 342 3018 Quae
368 2986 410 3010 ex
437 2974 548 3011 Keilii
574 2975 672 3011 notis
698 2974 835 3011 criticis
859 2974 969 3011 facile
995 2975 1167 3021 componi
1192 2978 1354 3021 possunt.
