1878 3242
502 160 557 198 De
582 161 798 198 'l'erentiani
822 172 991 198 sermone
1017 163 1056 197 et
1081 162 1218 198 aetate.
1559 159 1647 202 333

85 290 131 319 w
154 277 290 327 prima
322 275 445 320 brevi,
483 276 605 324 lonyis
639 276 807 320 duabus,
846 277 961 315 2384
989 277 1126 324 prima
1153 287 1256 324 pars
1287 287 1332 314 ex·
1362 276 1496 314 cretico
1524 275 1649 323 yiynit

85 337 311 380 vacaneum,
338 336 450 374 2477
465 337 602 383 prima
621 347 664 374 ex
684 337 854 374 trimetro
865 337 994 384 portio
1014 338 1078 380 est,
1106 336 1221 374 2678
1242 335 1404 383 epodum
1424 346 1469 373 ex
1483 335 1649 383 qemim's

30 419 35 421 -
85 397 220 438 subicit
243 396 418 439 alterum,
445 396 558 434 2697
580 396 714 434 cecinit
729 398 822 443 post
839 396 961 434 alium
981 396 1130 434 brevem
1149 389 1349 448 (versum)
1369 405 1415 433 ex
1432 405 1509 432 uno
1528 394 1648 432 simili

78 457 187 507 pede,
214 455 327 494 2782
349 466 394 493 ex
411 466 489 493 uno
509 455 763 493 choriambico
781 467 915 494 versus
935 457 1040 494 stare
1058 455 1247 493 videbitur
1267 448 1401 508 (2441
1424 453 1500 492 abl.
1515 453 1646 491 nudus

86 509 276 568 legitur),
302 514 415 553 2795
444 514 718 553 choriambicos
742 526 787 553 ex
812 515 912 554 binis
941 515 1105 563 pedibus
1129 515 1361 563 praeposuit
1384 514 1499 557 duos,
1533 514 1648 552 2860

85 577 265 616 iwverunt
288 575 462 613 animum
485 585 620 613 versus
645 586 690 613 ew
715 576 887 613 carmine
910 574 1070 616 Flacci.-

201 632 354 672 Deinde
383 633 627 683 praepositio
659 634 705 672 de
735 647 807 684 pro
838 634 1025 684 genetivo
1057 633 1249 683 partitivo
1274 632 1503 672 adhibetur:
1532 633 1644 672 1759

87 707 173 734 cum
201 695 324 742 capite
354 693 516 732 alterius
546 694 730 742 dactylico
761 705 859 742 quae
888 695 934 741 fit
964 694 1010 732 de
1042 695 1224 732 commate
1249 693 1381 741 lonya,
1415 694 1528 731 2318
1555 694 1648 731 dum

10 749 16 791 J
87 755 133 794 de
150 748 441 806 (hancMicylli
459 753 726 791 coniecturam
745 755 853 791 recte
871 752 1059 802 probavit
1078 752 1181 802 Keil,
1207 764 1252 791 ex
1270 752 1328 801 M3
1354 752 1402 790 cf.
1422 752 1647 801 exemplum

89 806 322 866 insequens)
354 813 522 860 sequenti
558 813 711 860 copulat
741 813 896 861 lonyam
927 813 1111 856 alteram,
1150 812 1262 850 2326
1295 812 1388 850 haee
1412 812 1458 850 de
1481 813 1650 859 sequenti

89 873 241 922 copulat
263 872 418 920 lonqam
443 872 618 910 alteram.
662 871 796 921 Atque
822 872 945 910 etiam
970 871 1059 910 aliis
1084 871 1181 910 loeis
1207 872 1253 909 de
1278 870 1327 909 ab
1353 871 1559 910 adiectivis
1584 870 1650 910 vel

90 930 388 983 pronominibus
415 931 578 980 pendet,
605 931 709 981 quod
734 931 839 969 idem
864 931 945 970 iam
971 930 1107 970 Cicero
1133 929 1363 969 admiserat.

210 990 379 1041 Reliqua
405 991 539 1028 autem
566 991 748 1039 exempla
770 990 868 1029 haec
888 992 999 1029 sunt:
1026 991 1110 1029 806
1130 991 1243 1029 nulla
1260 991 1429 1038 facultas
1448 991 1500 1029 ad
1517 1002 1654 1029 sonum

97 1051 280 1090 edendum
303 1050 397 1089 data
422 1052 475 1088 est
484 1044 530 1102 1),
558 1050 670 1088 1437
697 1051 829 1089 modos
853 1051 943 1089 ludo
967 1051 1037 1088 sub
1063 1051 1185 1088 armis
1210 1044 1509 1101 eonyruente32).

202 1109 352 1160 'Itaque
376 1108 638 1147 Terentianus
670 1109 743 1147 has
773 1108 981 1148 cottidiani
1007 1109 1200 1148 sermonis
1228 1108 1409 1147 licentias
1432 1121 1510 1148 non
1538 1110 1652 1147 anxie

17 1173 22 1191 ⁴³
93 1169 250 1209 vitavit.
296 1168 437 1218 Neque
467 1170 602 1207 tamen
635 1169 709 1207 hoe
743 1168 891 1207 saeculi
923 1169 1035 1207 tertii
1063 1167 1251 1207 indicium
1278 1180 1366 1207 esse
1390 1170 1498 1218 puto.
1548 1168 1652 1206 Nam

89 1228 399 1280 praepositiones
418 1240 442 1266 a
461 1227 722 1267 substantivis
747 1228 875 1267 multo
902 1228 1060 1278 saepius
1086 1227 1258 1277 pendere
1284 1240 1403 1277 quam
1422 1228 1546 1278 vulgo
1568 1241 1651 1266 cre—

91 1289 200 1328 ditur
217 1281 453 1340 laenickess).
472 1289 512 1326 et
524 1286 645 1326 Henr.
660 1281 915 1342 Froehlich4)
937 1288 1310 1326 demonstraverunt
1330 1288 1371 1326 et
1384 1287 1651 1326 Terentianus

90 1347 402 1399 praepositiones
433 1347 517 1385 fere
541 1359 621 1385 non
647 1346 747 1386 alias
772 1347 970 1394 adhibuit,
1008 1347 1085 1385 nisi
1112 1359 1215 1396 quae
1242 1346 1475 1396 saepissime
1499 1346 1558 1385 ita
1584 1347 1651 1385 ad-

90 1407 287 1446 hibentur.
343 1404 401 1446 Cf.
428 1406 550 1444 etiam
582 1405 707 1444 Sittlii
738 1401 921 1459 verba⁵):
962 1402 1179 1456 ‘Haufiger
1208 1405 1308 1444 wird
1339 1406 1411 1444 der
1441 1405 1652 1445 Gebrauch

93 1461 196 1518 (scil.
220 1467 290 1506 der
314 1465 456 1504 Ersatz
487 1465 555 1504 des
584 1464 772 1504 Genetiva
799 1466 923 1504 durch
949 1466 1012 1504 die
1037 1464 1291 1514 Praposition
1316 1461 1386 1517 de)
1412 1465 1562 1504 bereits
1588 1465 1652 1504 bei

31 1550 34 1552 -
94 1525 333 1574 Tei-tullian,
357 1525 605 1564 massenhaft
629 1525 725 1564 aber
749 1525 816 1563 bei
841 1520 1042 1575 Cypriam?

211 1584 344 1635 Atque
386 1585 506 1623 etiam
549 1584 597 1623 de
638 1584 896 1623 collocatione
932 1584 1274 1634 praepositionum
1312 1584 1506 1623 nonnulla
1541 1597 1656 1635 prae-

92 1644 210 1683 fanda
234 1646 337 1683 sunt.

207 1703 372 1742 Praeter
395 1717 432 1743 v.
454 1704 540 1743 344
564 1705 704 1752 polivit
731 1716 851 1752 usque
874 1706 992 1751 finem
1017 1705 1069 1742 ad
1092 1705 1234 1752 unquis
1264 1704 1444 1742 eitimam
1471 1706 1511 1742 et
1541 1705 1652 1743 2377

86 1765 202 1812 parte
237 1764 286 1803 ab
316 1765 398 1802 ima
408 1758 442 1815 6)
475 1763 740 1802 Terentianus
772 1764 990 1813 disyllabas
1020 1765 1179 1801 tantum
1210 1763 1528 1812 praepositiones
1554 1763 1656 1802 mihi

93 1822 250 1872 quidem
280 1824 374 1873 post
402 1823 563 1862 nomina
593 1822 775 1872 posuisse
800 1823 972 1863 videtur.
1022 1822 1124 1860 Nam
1149 1822 1192 1860 in
1216 1835 1253 1861 v,
1276 1823 1389 1861 1866
1417 1825 1458 1861 et
1482 1823 1588 1873 quod
1614 1823 1655 1861 M

27 1925 30 1928 ⁴
94 1881 273 1932 praebet:
291 1883 468 1931 primum
491 1885 534 1920 ut
558 1883 784 1930 semipedem
801 1886 894 1931 post
917 1884 1026 1921 detur
1051 1882 1204 1931 syllaba
1229 1882 1344 1930 loma
1370 1884 1412 1920 et
1431 1883 1535 1932 quod
1557 1881 1653 1920 San-

94 1940 201 1980 tenio
231 1943 448 1991 praeeunte
480 1940 643 1980 Lachm.
675 1942 716 1980 et
739 1941 830 1980 Keil
863 1942 1125 1992 scripserunt:
1157 1942 1335 1989 primum
1367 1944 1402 1980 et
1425 1942 1654 1990 semipedem

87 2003 178 2049 post
200 2001 237 2040 d.
260 2012 291 2039 s.
316 2001 355 2045 l„
387 2013 475 2039 cum
508 2000 616 2039 solus
643 1999 780 2040 Cicero
812 2002 935 2040 semel
962 1995 1097 2055 (Tusc.
1117 2000 1158 2038 Π
1181 2002 1218 2051 6,
1242 1994 1316 2054 15)
1341 2000 1383 2039 in
1407 2002 1496 2039 tota
1522 2001 1654 2039 latini-

212 2150 247 2196 1)
269 2148 375 2185 Hanc
392 2160 520 2186 vocem
541 2150 656 2185 etiam
675 2149 750 2186 Cic.
770 2160 855 2185 eum
874 2150 924 2186 ad
942 2150 982 2185 et
994 2148 1172 2194 get-undio
1186 2148 1380 2184 coniunxit
1398 2149 1521 2194 (Font.
1543 2154 1576 2194 6,
1592 2153 1656 2187 122

94 2197 254 2280 1·αωῖιὲιὲ
276 2197 327 2233 ad
349 2197 567 2242 dicendum),
591 2197 683 2233 item
707 2197 893 2241 voluntas,
918 2199 1170 2243 arqumentum
1194 2195 1270 2232 alia
1294 2197 1425 2239 verba3
1458 2197 1503 2232 cf.
1531 2196 1582 2231 Kx·
1591 2198 1655 2232 ebs

98 2256 126 2280 e.
143 2256 180 2280 v.
277 2256 313 2289 p.
334 2247 390 2280 77.

213 2292 250 2337 2)
275 2290 348 2327 Hic
377 2291 535 2327 fortasse
566 2291 850 2327 commemorari
879 2291 1006 2336 potest
1037 2290 1150 2327 etiam
1175 2289 1215 2325 in
1239 2303 1274 2326 v.
1294 2293 1387 2326 2892
1413 2291 1528 2326 verba
1545 2292 1654 2327 illum

90 2349 206 2385 prope
235 2339 281 2374 ab
311 2338 439 2374 ultimo
463 2339 591 2384 pedem
620 2338 820 2374 insolentia
849 2349 942 2373 esse.
993 2337 1066 2373 Sed
1091 2350 1124 2374 v.
1147 2340 1237 2372 1775
1269 2338 1479 2383 exemplum
1511 2339 1654 2374 ideireo

95 2386 213 2422 vocali
236 2397 261 2420 a
278 2389 386 2431 parte
411 2386 528 2422 locavi
545 2385 768 2421 Terentiano
794 2385 989 2430 indignum
1014 2396 1092 2420 esse
1112 2394 1255 2420 censeo.
1300 2385 1397 2420 Nam
1416 2395 1528 2421 sonus
1547 2396 1653 2422 voea-

98 2433 157 2477 lis,
179 2432 301 2468 littera
323 2432 471 2477 vocalis,
492 2443 583 2477 pars
606 2433 682 2467 ima
705 2433 805 2467 recte
831 2432 1015 2476 dicuntur,
1042 2432 1107 2467 sed
1131 2433 1266 2468 vocalis
1285 2443 1377 2478 pars
1403 2431 1492 2477 quid
1519 2434 1600 2468 eet?

217 2479 253 2519 3)
281 2469 396 2514 ‘Uber
420 2478 481 2514 die
509 2479 748 2524 Verbindung
773 2480 839 2515 der
864 2479 1106 2515 Substantiva
1130 2478 1246 2514 durch
1274 2479 1557 2524 Prapositionen
1582 2479 1646 2516 bei

101 2525 256 2562 Cicero.’
297 2524 407 2561 Wien
428 2529 531 2562 1886.

171 2622 192 2655 9
217 2573 258 2655 ιιὲ
280 2571 370 2654 ‘Del
390 2572 656 2618 grammaticae
681 2573 837 2609 Latinae
868 2572 960 2609 locis
991 2572 1138 2619 aliquot
1167 2573 1444 2610 controversis.’
1475 2573 1658 2621 Hagenau

102 2623 169 2656 188
218 2631 238 2656 e
280 2623 346 2655 189
372 2646 382 2655 .

218 2667 255 2714 5)
281 2666 371 2702 ‘Die
397 2665 472 2702 lok.
491 2665 661 2703 Versch.’
716 2695 724 2703 .
746 2671 823 2703 126.

218 2715 254 2759 6)
279 2712 333 2750 Cf.
352 2713 457 2749 Neue
475 2713 633 2766 11²·790:
673 2678 764 2749 ‘zie
788 2714 1100 2761 unregelmassige
1126 2715 1401 2761 Wortstellung·
1426 2716 1537 2762 wird,
1574 2728 1656 2754 vor-

101 2760 290 2798 nehmlich
315 2761 378 2796 bei
403 2761 476 2797 den
501 2759 689 2805 Dichtern‚
716 2761 885 2797 dadurch
910 2762 1119 2808 gemildert,
1145 2762 1228 2799 dass
1254 2764 1319 2799 der
1336 2762 1575 2810 Praposition
1597 2766 1659 2801 ein

103 2808 338 2855 Adseotivum
359 2807 448 2843 oder
466 2807 752 2853 adjectivisches
772 2807 991 2854 Pronomen,
1011 2810 1102 2845 oder
1120 2810 1185 2845 der
1197 2810 1327 2847 Genet.
1348 2811 1449 2846 eines
1469 2811 1659 2849 Substant.

102 2855 192 2891 oder
209 2855 393 2899 Pronom.‚
420 2855 510 2890 oder
535 2855 630 2890 auch
656 2854 718 2890 ein
743 2856 890 2891 zweites
916 2855 955 2890 in
974 2856 1158 2901 gleiehem
1178 2857 1292 2893 Casus
1312 2858 1382 2893 mit
1400 2858 1485 2894 dem
1506 2860 1656 2896 vorher-

105 2901 298 2947 gehenden
333 2901 532 2937 etehendes
558 2901 751 2938 Substant.
777 2903 994 2949 nachfolgt.’
1047 2903 1190 2940 Ibidem
1223 2904 1314 2940 eatis
1339 2906 1460 2941 multa
1485 2907 1657 2954 exempla

105 2947 220 2985 etiam
243 2959 288 2985 ex
313 2948 462 2995 optimis
489 2949 730 2995 scriptoribus
756 2949 983 2988 adferuntur.
