1878 3242
521 165 575 200 De
599 162 813 200 Terentiani
839 172 1007 199 sermone
1033 162 1073 198 et
1097 161 1232 198 aetate.
1572 156 1659 199 339

98 279 248 329 qemi'no
273 280 420 317 constat
445 278 490 316 dc
516 279 697 316 commate
721 287 867 320 versus,
892 274 988 314 item
1017 275 1127 314 2751
1154 275 1200 314 de
1219 273 1468 312 commatibus
1486 273 1661 310 constare

99 339 246 377 duobus
265 332 333 391 (cf.
348 337 463 377 Luer.
477 336 534 375 IV
553 338 678 386 1225,
697 336 745 375 de
764 334 870 374 nudo
889 333 1065 373 ablativo
1085 334 1133 372 of.
1147 333 1265 383 paulo
1279 344 1400 382 supra
1413 345 1450 382 p.
1467 332 1548 371 331
1567 325 1656 383 sq.),

100 398 211 436 2281
239 398 352 446 pedi,
384 408 494 445 quem
524 397 570 435 de
600 397 748 436 duobus
778 406 857 434 esse
879 395 1019 433 iambis
1036 394 1246 444 perspicis,
1282 393 1396 432 2600
1414 391 1590 440 phallica
1614 390 1661 429 dc

100 458 224 495 tribus
243 456 428 495 trochaeis
438 468 540 504 pars
559 458 612 494 est
630 458 765 499 cetera,
787 454 897 493 2941
922 453 1083 502 epodum
1102 453 1250 492 dedisse
1267 452 1313 491 dc
1326 452 1449 490 tribas
1462 450 1659 489 trochaeis.

101 515 217 554 Hand
238 515 405 554 alteram
424 514 626 554 notionem
645 526 722 553 non
743 513 943 563 indicavit,
963 512 1012 551 cf.
1031 512 1110 551 vol.
1129 511 1169 550 II
1190 525 1225 562 p.
1244 512 1325 550 199
1348 512 1468 561 atque
1485 510 1661 560 Draeger

101 587 257 626 quoque
283 569 320 612 Ι2
345 588 383 625 p.
408 575 499 621 629ι
527 575 601 612 hac
634 574 675 612 in
707 586 750 612 re
784 572 913 611 minus
948 573 1157 611 accuratus
1193 573 1272 621 est;
1307 569 1453 621 prioris
1486 569 1661 608 notionis

102 634 282 684 exempla
301 645 322 672 e
342 632 527 673 Terentio
550 635 588 681 1,
608 631 686 672 Cio.
708 634 747 683 3,
766 631 851 671 Liv.
874 633 911 681 2,
931 631 1038 670 Petr.
1061 632 1098 679 1,
1117 630 1237 681 Apul.
1256 629 1398 669 Iustin.
1418 628 1523 669 Flor.
1543 628 1661 667 Treb.

103 693 203 733 Gall.
231 693 345 744 bina,
369 692 469 743 Vop.
491 692 586 731 Aur.
609 694 646 742 1,
671 692 781 731 Laet.
801 692 828 729 4
855 690 996 730 adfert.

217 747 263 799 4)
289 764 391 803 rem,
416 764 462 790 ex
488 763 568 803 qua
593 751 740 801 aliquid
767 749 1033 801 cognoscitur:

224 813 337 850 2627
372 812 440 850 hoc
464 812 510 850 de
539 810 713 860 Septimii
737 813 847 859 potes
878 811 1019 849 iunctis
1048 820 1201 848 noscere
1230 809 1413 849 versibus.
1484 806 1583 848 cum
1617 818 1663 848 ex

103 871 303 921 particula
325 871 559 921 plerumque
585 871 642 909 ita
667 869 922 919 adhibeatur,
955 869 1019 908 hio
1044 881 1140 907 usus
1165 881 1282 907 rarus
1308 871 1388 919 est,
1421 880 1661 919 quamquam

104 929 220 968 Hand
233 930 311 969 vol.
325 929 365 967 ΙΙ
386 930 468 968 223
496 929 569 968 sub
595 941 632 968 n.
649 931 672 968 2
695 931 736 968 et
756 929 935 979 Draeger
954 923 992 966 1²
1014 928 1110 976 630,
1137 939 1166 967 s.
1180 940 1216 968 n.
1234 931 1294 978 7,c
1310 927 1442 967 Plauti
1461 926 1662 967 Ciceronis

101 989 246 1039 Apulei
274 988 435 1028 Minucii
459 988 542 1028 Fel.
568 988 734 1028 Tei-tull.
761 987 942 1026 Lactant.
969 987 1150 1038 exempla
1176 988 1395 1027 conferunt.

220 1042 470 1159 5))normam
490 1048 552 1087 vel
578 1048 725 1087 lineam
751 1048 792 1086 et
816 1048 861 1085 ut
881 1045 939 1085 ita
958 1047 1087 1085 dicam
1108 1046 1301 1098 originem
1321 1046 1493 1086 nominis
1515 1041 1590 1100 (=
1606 1058 1661 1086 se-

102 1108 269 1147 cundum
297 1121 307 1146 ι

226 1167 337 1206 1836
364 1167 515 1206 advena
538 1169 714 1215 sumptus
738 1170 772 1205 et
795 1166 930 1215 hospes
953 1166 1000 1205 de
1023 1166 1173 1215 foedere
1197 1167 1377 1215 temporis
1396 1167 1519 1215 aequi,
1547 1167 1661 1206 2546

107 1238 217 1275 quem
241 1238 310 1265 nos
328 1226 685 1275 hendecasyllabum
703 1227 868 1265 solemus
886 1228 1084 1274 tamquam
1103 1226 1149 1264 de
1165 1237 1325 1265 numero
1344 1237 1481 1265 vocare
1499 1237 1662 1265 versum.

105 1286 237 1336 Aegre
262 1285 431 1324 conferri
456 1288 635 1336 possunt,
660 1298 761 1336 quae
787 1284 933 1335 Draeg.
951 1280 989 1323 1²
1011 1286 1093 1324 629
1122 1285 1195 1324 sub
1214 1299 1252 1324 n.
1276 1287 1299 1325 6
1327 1280 1514 1339 adfert¹).

221 1344 362 1394 Itaque
390 1344 654 1384 Teren-:ianus
680 1345 780 1383 hanc
805 1344 1139 1394 praepositionem
1159 1345 1279 1395 vulgo
1308 1345 1532 1383 adamatam
1553 1345 1664 1384 varie

103 1405 326 1457 usurpavit,
350 1416 479 1454 neque
503 1406 637 1443 tamen
662 1405 711 1442 ut
729 1403 925 1454 Apuleius
951 1403 1149 1442 Minucius
1170 1403 1443 1443 Tertullianus
1463 1403 1663 1443 Arnobius

107 1462 329 1513 Cyprianus
355 1462 423 1501 alii
447 1463 686 1513 posteriores
711 1475 783 1513 pro
809 1462 985 1502 ablativo
1010 1463 1307 1502 instrumentali
1333 1463 1527 1503 adhibuit.

222 1517 412 1576 (Versum
446 1524 556 1562 2881
591 1534 743 1563 versum
775 1523 952 1562 claudere
984 1523 1030 1562 de
1054 1523 1240 1561 trochaeis
1264 1522 1413 1562 Santen
1439 1523 1666 1562 ditrochaeis

104 1581 280 1621 scribens
306 1577 508 1636 correxit.)

852 1658 914 1696 Ex

107 1748 189 1787 fere
215 1747 343 1787 solum
370 1748 517 1788 usitato
543 1761 651 1788 more
678 1749 906 1788 adhibetur:

225 1803 269 1858 1)
291 1823 346 1838 =
367 1809 413 1847 de
432 1809 478 1858 23
505 1808 552 1847 cf.
573 1808 750 1858 Draeger
769 1809 787 1846 I
808 1806 833 1857 ἓ
851 1809 935 1847 287
957 1821 985 1847 s.
1006 1822 1043 1847 n.
1060 1810 1096 1848 5.

225 1868 336 1906 1612
364 1879 409 1906 ew
437 1869 600 1916 yeminis
631 1861 840 1921 (syllabis)
866 1868 1022 1916 lonyam
1046 1868 1162 1906 solvet
1187 1862 1426 1921 (spondeus)
1452 1870 1487 1908 si
1512 1871 1666 1918 quando

103 1928 333 1973 sequentem,
370 1927 480 1966 1697
509 1938 554 1965 etc
570 1927 784 1975 praedictis
807 1927 942 1975 requla
967 1928 1142 1975 quaevis,
1177 1928 1291 1967 2005
1319 1929 1421 1976 quod
1445 1940 1490 1967 ex
1513 1930 1586 1968 isto
1610 1942 1667 1968 re-

103 1985 270 2023 manebit
300 1989 482 2024 commate
513 1980 703 2039 (tropioet
739 1987 853 2025 2084
890 1987 1084 2035 exemplar
1115 1998 1159 2025 ea:
1191 1987 1302 2035 facili
1326 1983 1517 2040 sumere),
1551 1990 1665 2029 2292

96 2045 271 2091 primam
296 2055 341 2083 ex
364 2045 492 2084 iambo
516 2046 609 2084 dum
633 2047 801 2093 sequenti
826 2045 990 2093 copulat,
1023 2046 1136 2084 2325
1158 2048 1292 2085 cretico
1311 2058 1356 2085 cx
1374 2059 1448 2095 quo
1467 2049 1668 2088 trochacus

105 2104 256 2141 tertiam
275 2105 366 2152 quia
384 2107 552 2153 separat,
574 2105 689 2143 2384
709 2106 801 2153 quia
813 2106 950 2152 prima
962 2117 1063 2153 pars
1082 2117 1126 2143 cx
1140 2107 1274 2144 cretico
1290 2107 1414 2155 qiynit
1435 2108 1665 2147 trochaeum.

225 2158 272 2213 2)
299 2178 354 2193 =
374 2164 420 2202 de
440 2164 465 2202 3
493 2157 563 2216 (of.
583 2163 729 2214 Draeg.
750 2175 778 2202 s.
798 2176 835 2202 n.
856 2159 920 2214 4):
1296 2160 1300 2162 ‘

224 2222 307 2260 766
333 2224 519 2270 numquid
543 2223 642 2262 hanc
666 2223 921 2271 diphthongon
941 2234 1027 2272 erqo
1047 2234 1091 2261 ex
1117 2223 1157 2262 U
1178 2226 1212 2262 et
1229 2224 1259 2262 I
1273 2225 1329 2263 sic
1347 2225 1524 2270 dicimus,
1552 2228 1664 2266 2386

107 2279 168 2317 hic
191 2290 326 2319 versus
350 2292 394 2319 cx
417 2283 557 2321 iambis
580 2285 715 2326 natus,
750 2282 862 2321 2559
890 2282 995 2321 Iocus
1020 2312 1027 2320 .
1049 2311 1059 2322 .
1079 2310 1089 2321 .
1112 2293 1182 2321 nec
1206 2286 1341 2331 peccat
1359 2285 1458 2332 pede
1481 2288 1598 2324 reatus
1623 2298 1668 2324 ex

105 2339 249 2382 iambo,
282 2340 396 2379 2574
421 2343 546 2379 ortum
571 2353 656 2380 cum
682 2342 919 2389 componitur
944 2353 988 2379 ex
1011 2344 1171 2390 utroque
1194 2345 1330 2387 metro,
1366 2344 1479 2382 2678
1507 2345 1667 2393 cpodum
1719 2333 1731 2344 ⁵

106 2408 151 2435 ex
172 2398 334 2445 yemtnis
357 2400 493 2438 subicit
517 2401 699 2443 alterum,
734 2401 845 2439 2782
875 2412 919 2439 ex
942 2412 1020 2439 uno
1046 2400 1298 2440 choriambico
1322 2412 1458 2441 versus
1481 2406 1585 2442 stare
1609 2406 1668 2443 vi.-

110 2456 277 2500 debitur,
315 2458 366 2495 27
373 2458 426 2497 95
463 2458 735 2498 choriambicos
768 2471 812 2498 ex
843 2460 944 2498 binis
967 2460 1132 2508 pedibus
1149 2462 1378 2509 praeposuit
1402 2462 1517 2507 duos,
1554 2464 1667 2503 2925

107 2516 250 2563 species
273 2516 414 2555 mioetas
439 2528 483 2556 ex
506 2521 665 2566 utroque
688 2520 818 2557 metro.

108 2631 133 2670 fi
224 2569 271 2685 ξ)
297 2575 494 2625 significat
517 2588 612 2625 rem,
639 2589 740 2627 quae
764 2576 805 2615 in
831 2577 950 2616 aliam
977 2579 1156 2617 mutatur
1175 2572 1243 2632 (cf.
1265 2578 1408 2630 Draeg.
1430 2592 1458 2620 s.
1481 2593 1517 2620 n.
1543 2581 1567 2620 3
1591 2583 1665 2622 sub

137 2645 224 2672 nem
258 2647 267 2672 ε

227 2693 335 2731 1011
371 2705 390 2732 c
419 2694 595 2733 brevibus
625 2696 795 2743 quotiens
819 2696 952 2745 lonqac
975 2697 1208 2741 redduntur,
1243 2698 1355 2736 1134
1383 2699 1576 2747 spondeus
1601 2700 1668 2740 dat

107 2750 281 2800 dactylon
311 2763 356 2790 ex
379 2764 435 2797 se,
471 2754 583 2792 1322
610 2754 724 2803 lonqa
748 2755 813 2802 fiet
836 2767 856 2794 e
880 2756 1002 2800 brevi,
1040 2757 1151 2794 1342
1179 2768 1261 2795 una
1286 2758 1401 2806 lonqa
1427 2770 1505 2797 non
1530 2760 1669 2799 valebit

230 2901 264 2945 1)
291 2900 346 2936 cf.
374 2900 489 2937 etiam
509 2899 827 2950 Rrebs-Sebmalz,
853 2901 917 2951 qui
943 2917 968 2942 e.
990 2915 1023 2941 v.
1043 2917 1060 2942 e
1079 2916 1114 2952 p.
1135 2909 1205 2942 440
1231 2906 1301 2942 hac
1328 2905 1601 2952 significatione
1622 2909 1667 2945 ab

108 2947 147 2982 et
170 2957 214 2982 etc
237 2948 407 2994 usurpari
432 2948 534 2985 dicit.

177 3011 282 3039 Jahrb.
300 3011 321 3039 ι
340 2999 429 3041 omn.
454 3013 564 3041 Philon.
602 3015 705 3048 Suppl.
724 3015 778 3043 1³⁶.
793 3016 910 3043 xxm.
1341 3017 1385 3048 23
