<?xml version="1.0" encoding="UTF-8"?>
<!DOCTYPE html PUBLIC "-//W3C//DTD XHTML 1.0 Transitional//EN"
    "http://www.w3.org/TR/xhtml1/DTD/xhtml1-transitional.dtd">
<html xmlns="http://www.w3.org/1999/xhtml" xml:lang="en" lang="en">
 <head>
  <title>
</title>
<meta http-equiv="Content-Type" content="text/html;charset=utf-8" />
  <meta name='ocr-system' content='tesseract 3.04.00' />
  <meta name='ocr-capabilities' content='ocr_page ocr_carea ocr_par ocr_line ocrx_word'/>
</head>
<body>
  <div class='ocr_page' id='page_1' title='image "./deterentianiserm00wertuoft_0023.png"; bbox 0 0 1878 3242; ppageno 0'>
   <div class='ocr_carea' id='block_1_1' title="bbox 535 74 1670 116">
    <p class='ocr_par' dir='ltr' id='par_1_1' title="bbox 535 74 1670 116">
     <span class='ocr_line' id='line_1_1' title="bbox 535 74 1670 116; baseline 0.001 -1"><span class='ocrx_word' id='word_1_1' title='bbox 535 79 589 116; x_wconf 81' lang='lat' dir='ltr'>De</span> <span class='ocrx_word' id='word_1_2' title='bbox 614 78 828 116; x_wconf 77' lang='lat' dir='ltr'>Terentiani</span> <span class='ocrx_word' id='word_1_3' title='bbox 853 88 1021 115; x_wconf 85' lang='lat' dir='ltr'>sermone</span> <span class='ocrx_word' id='word_1_4' title='bbox 1046 79 1085 114; x_wconf 85' lang='lat' dir='ltr'>et</span> <span class='ocrx_word' id='word_1_5' title='bbox 1109 77 1244 115; x_wconf 76' lang='lat' dir='ltr'>aetate.</span> <span class='ocrx_word' id='word_1_6' title='bbox 1581 74 1670 116; x_wconf 81' lang='lat'>309</span> 
     </span>
    </p>
   </div>
   <div class='ocr_carea' id='block_1_2' title="bbox 105 186 1692 1709">
    <p class='ocr_par' dir='ltr' id='par_1_2' title="bbox 114 186 1692 240">
     <span class='ocr_line' id='line_1_2' title="bbox 114 186 1692 240; baseline -0.006 -7"><span class='ocrx_word' id='word_1_7' title='bbox 114 189 275 233; x_wconf 74' lang='lat' dir='ltr'>sociare</span> <span class='ocrx_word' id='word_1_8' title='bbox 297 194 406 232; x_wconf 87' lang='lat'>1231</span> <span class='ocrx_word' id='word_1_9' title='bbox 436 204 602 231; x_wconf 78' lang='lat' dir='ltr'>consona</span> <span class='ocrx_word' id='word_1_10' title='bbox 625 192 736 231; x_wconf 78' lang='lat' dir='ltr'>nulla</span> <span class='ocrx_word' id='word_1_11' title='bbox 752 194 876 240; x_wconf 72' lang='lat' dir='ltr'>potest</span> <span class='ocrx_word' id='word_1_12' title='bbox 899 193 1081 240; x_wconf 78' lang='lat' dir='ltr'>quoniam</span> <span class='ocrx_word' id='word_1_13' title='bbox 1105 191 1254 229; x_wconf 81' lang='lat' dir='ltr'>sociare</span> <span class='ocrx_word' id='word_1_14' title='bbox 1277 189 1484 228; x_wconf 78' lang='lat' dir='ltr'>secundam</span> <span class='ocrx_word' id='word_1_15' title='bbox 1503 186 1692 235; x_wconf 43' lang='lat' dir='ltr'>(udam),</span> 
     </span>
    </p>

    <p class='ocr_par' dir='ltr' id='par_1_3' title="bbox 114 246 1672 419">
     <span class='ocr_line' id='line_1_3' title="bbox 114 246 1671 302; baseline -0.004 -11"><span class='ocrx_word' id='word_1_16' title='bbox 114 247 292 291; x_wconf 76' lang='lat' dir='ltr'><strong>subdere</strong></span> <span class='ocrx_word' id='word_1_17' title='bbox 324 255 364 291; x_wconf 89' lang='lat' dir='ltr'>et</span> <span class='ocrx_word' id='word_1_18' title='bbox 387 251 582 302; x_wconf 85' lang='lat' dir='ltr'>imprimis</span> <span class='ocrx_word' id='word_1_19' title='bbox 607 251 746 301; x_wconf 85' lang='lat' dir='ltr'>partic.</span> <span class='ocrx_word' id='word_1_20' title='bbox 771 251 945 290; x_wconf 71' lang='lat' dir='ltr'>subditus</span> <span class='ocrx_word' id='word_1_21' title='bbox 971 263 1088 300; x_wconf 82' lang='lat' dir='ltr'>saepe</span> <span class='ocrx_word' id='word_1_22' title='bbox 1115 251 1332 299; x_wconf 84' lang='lat' dir='ltr'>usurpatur</span> <span class='ocrx_word' id='word_1_23' title='bbox 1357 260 1475 287; x_wconf 87' lang='lat' dir='ltr'>sensu</span> <span class='ocrx_word' id='word_1_24' title='bbox 1500 246 1671 286; x_wconf 77' lang='lat' dir='ltr'>addendi</span> 
     </span>
     <span class='ocr_line' id='line_1_4' title="bbox 172 303 1672 361; baseline -0.004 -11"><span class='ocrx_word' id='word_1_25' title='bbox 172 314 220 351; x_wconf 89' lang='lat' dir='ltr'>ut</span> <span class='ocrx_word' id='word_1_26' title='bbox 242 311 346 351; x_wconf 83' lang='lat' dir='ltr'>binis</span> <span class='ocrx_word' id='word_1_27' title='bbox 370 311 467 350; x_wconf 88' lang='lat' dir='ltr'>locis</span> <span class='ocrx_word' id='word_1_28' title='bbox 492 323 553 361; x_wconf 84' lang='lat' dir='ltr'>ap.</span> <span class='ocrx_word' id='word_1_29' title='bbox 579 310 680 350; x_wconf 89' lang='lat' dir='ltr'>Gell.</span> <span class='ocrx_word' id='word_1_30' title='bbox 707 312 748 349; x_wconf 87' lang='lat' dir='ltr'>et</span> <span class='ocrx_word' id='word_1_31' title='bbox 773 310 997 360; x_wconf 87' lang='lat' dir='ltr'>Augustin.,</span> <span class='ocrx_word' id='word_1_32' title='bbox 1032 310 1081 350; x_wconf 88' lang='lat' dir='ltr'>cf.</span> <span class='ocrx_word' id='word_1_33' title='bbox 1106 307 1270 348; x_wconf 84' lang='lat' dir='ltr'>Forcell.</span> <span class='ocrx_word' id='word_1_34' title='bbox 1322 307 1430 346; x_wconf 85' lang='lat' dir='ltr'>Nota</span> <span class='ocrx_word' id='word_1_35' title='bbox 1456 307 1542 346; x_wconf 89' lang='lat'>500</span> <span class='ocrx_word' id='word_1_36' title='bbox 1567 303 1672 345; x_wconf 87' lang='grc' dir='ltr'>ἰῶτα</span> 
     </span>
     <span class='ocr_line' id='line_1_5' title="bbox 165 367 500 419; baseline -0.003 -10"><span class='ocrx_word' id='word_1_37' title='bbox 165 373 257 419; x_wconf 77' lang='lat' dir='ltr'>post</span> <span class='ocrx_word' id='word_1_38' title='bbox 280 367 304 409; x_wconf 87' lang='grc' dir='ltr'>ὖ</span> <span class='ocrx_word' id='word_1_39' title='bbox 330 371 500 410; x_wconf 82' lang='lat' dir='ltr'><strong><em>subdere.</em></strong></span> 
     </span>
    </p>

    <p class='ocr_par' dir='ltr' id='par_1_4' title="bbox 114 426 634 479">
     <span class='ocr_line' id='line_1_6' title="bbox 114 426 634 479; baseline -0.002 -10"><span class='ocrx_word' id='word_1_40' title='bbox 114 426 306 469; x_wconf 76' lang='lat' dir='ltr'>subicere</span> <span class='ocrx_word' id='word_1_41' title='bbox 333 442 451 479; x_wconf 88' lang='lat' dir='ltr'>saepe</span> <span class='ocrx_word' id='word_1_42' title='bbox 477 429 634 479; x_wconf 86' lang='lat' dir='ltr'>legitur.</span> 
     </span>
    </p>

    <p class='ocr_par' dir='ltr' id='par_1_5' title="bbox 114 485 1669 539">
     <span class='ocr_line' id='line_1_7' title="bbox 114 485 1669 539; baseline -0.003 -12"><span class='ocrx_word' id='word_1_43' title='bbox 114 485 347 539; x_wconf 78' lang='lat' dir='ltr'>†subigero</span> <span class='ocrx_word' id='word_1_44' title='bbox 367 488 411 534; x_wconf 83' lang='lat' dir='ltr'>(u</span> <span class='ocrx_word' id='word_1_45' title='bbox 430 488 572 536; x_wconf 74' lang='lat' dir='ltr'>littera)</span> <span class='ocrx_word' id='word_1_46' title='bbox 589 489 696 526; x_wconf 70' lang='lat' dir='ltr'>nuda</span> <span class='ocrx_word' id='word_1_47' title='bbox 709 488 774 526; x_wconf 83' lang='lat' dir='ltr'>sed</span> <span class='ocrx_word' id='word_1_48' title='bbox 787 489 970 536; x_wconf 74' lang='lat' dir='ltr'><em>priorque</em></span> <span class='ocrx_word' id='word_1_49' title='bbox 982 488 1134 535; x_wconf 74' lang='lat' dir='ltr'>quando</span> <span class='ocrx_word' id='word_1_50' title='bbox 1152 498 1220 525; x_wconf 81' lang='lat' dir='ltr'>nec</span> <span class='ocrx_word' id='word_1_51' title='bbox 1232 487 1391 525; x_wconf 79' lang='lat' dir='ltr'>subacta</span> <span class='ocrx_word' id='word_1_52' title='bbox 1405 488 1458 524; x_wconf 83' lang='lat' dir='ltr'>est</span> <span class='ocrx_word' id='word_1_53' title='bbox 1473 496 1669 523; x_wconf 80' lang='lat' dir='ltr'><em>consonae.</em></span> 
     </span>
    </p>

    <p class='ocr_par' dir='ltr' id='par_1_6' title="bbox 115 544 1669 716">
     <span class='ocr_line' id='line_1_8' title="bbox 115 544 1669 598; baseline -0.003 -12"><span class='ocrx_word' id='word_1_54' title='bbox 115 544 346 598; x_wconf 78' lang='lat' dir='ltr'>subiugare</span> <span class='ocrx_word' id='word_1_55' title='bbox 368 548 450 586; x_wconf 86' lang='lat'>559</span> <span class='ocrx_word' id='word_1_56' title='bbox 472 547 687 586; x_wconf 81' lang='lat' dir='ltr'>insolenter</span> <span class='ocrx_word' id='word_1_57' title='bbox 706 547 964 585; x_wconf 82' lang='lat' dir='ltr'>transfertur·</span> <span class='ocrx_word' id='word_1_58' title='bbox 978 547 1169 595; x_wconf 77' lang='lat' dir='ltr'>producta</span> <span class='ocrx_word' id='word_1_59' title='bbox 1189 546 1368 596; x_wconf 78' lang='lat' dir='ltr'>(vocalis)</span> <span class='ocrx_word' id='word_1_60' title='bbox 1393 575 1401 583; x_wconf 85' lang='lat'>.</span> <span class='ocrx_word' id='word_1_61' title='bbox 1421 573 1430 582; x_wconf 93' lang='lat'>.</span> <span class='ocrx_word' id='word_1_62' title='bbox 1452 576 1460 583; x_wconf 89' lang='lat'>.</span> <span class='ocrx_word' id='word_1_63' title='bbox 1481 555 1669 586; x_wconf 78' lang='lat' dir='ltr'><em>consonae</em></span> 
     </span>
     <span class='ocr_line' id='line_1_9' title="bbox 175 603 1668 656; baseline -0.003 -11"><span class='ocrx_word' id='word_1_64' title='bbox 175 619 261 646; x_wconf 79' lang='lat' dir='ltr'>cum</span> <span class='ocrx_word' id='word_1_65' title='bbox 283 607 536 656; x_wconf 55' lang='lat' dir='ltr'>summatum</span> <span class='ocrx_word' id='word_1_66' title='bbox 572 618 699 656; x_wconf 88' lang='lat' dir='ltr'>neque</span> <span class='ocrx_word' id='word_1_67' title='bbox 738 606 843 644; x_wconf 89' lang='lat' dir='ltr'>enim</span> <span class='ocrx_word' id='word_1_68' title='bbox 872 606 1075 644; x_wconf 84' lang='lat' dir='ltr'>invenitur</span> <span class='ocrx_word' id='word_1_69' title='bbox 1110 605 1187 644; x_wconf 89' lang='lat' dir='ltr'>nisi</span> <span class='ocrx_word' id='word_1_70' title='bbox 1218 618 1278 654; x_wconf 89' lang='lat' dir='ltr'>ap.</span> <span class='ocrx_word' id='word_1_71' title='bbox 1312 604 1460 643; x_wconf 88' lang='lat' dir='ltr'>Arnob.</span> <span class='ocrx_word' id='word_1_72' title='bbox 1486 603 1668 642; x_wconf 79' lang='lat' dir='ltr'>Lactant.</span> 
     </span>
     <span class='ocr_line' id='line_1_10' title="bbox 179 665 903 716; baseline -0.003 -11"><span class='ocrx_word' id='word_1_73' title='bbox 179 666 498 716; x_wconf 78' lang='lat' dir='ltr'>posterioresque</span> <span class='ocrx_word' id='word_1_74' title='bbox 524 668 642 715; x_wconf 79' lang='lat' dir='ltr'>atque</span> <span class='ocrx_word' id='word_1_75' title='bbox 669 665 746 703; x_wconf 80' lang='lat' dir='ltr'>alio</span> <span class='ocrx_word' id='word_1_76' title='bbox 772 677 903 703; x_wconf 87' lang='lat' dir='ltr'>sensu.</span> 
     </span>
    </p>

    <p class='ocr_par' dir='ltr' id='par_1_7' title="bbox 105 721 1678 1131">
     <span class='ocr_line' id='line_1_11' title="bbox 105 721 1674 775; baseline -0.004 -10"><span class='ocrx_word' id='word_1_77' title='bbox 105 721 374 775; x_wconf 78' lang='lat' dir='ltr'>‚subiungere</span> <span class='ocrx_word' id='word_1_78' title='bbox 400 741 455 755; x_wconf 92' lang='lat'>==</span> <span class='ocrx_word' id='word_1_79' title='bbox 482 725 623 763; x_wconf 82' lang='lat' dir='ltr'><strong><em>addere</em></strong></span> <span class='ocrx_word' id='word_1_80' title='bbox 656 722 1674 774; x_wconf 86' lang='grc'><strong>415,421,1058,1086,1094,1233,12,68</strong></span> 
     </span>
     <span class='ocr_line' id='line_1_12' title="bbox 180 754 1674 835; baseline -0.003 -12"><span class='ocrx_word' id='word_1_81' title='bbox 180 754 1148 835; x_wconf 64' lang='grc' dir='ltr'><strong>1544,1723,1729,1801,1933;οί“.Κί·θὶ)3</strong></span> <span class='ocrx_word' id='word_1_82' title='bbox 1169 796 1199 822; x_wconf 92' lang='lat' dir='ltr'>s.</span> <span class='ocrx_word' id='word_1_83' title='bbox 1218 795 1273 822; x_wconf 85' lang='lat' dir='ltr'>v.:</span> <span class='ocrx_word' id='word_1_84' title='bbox 1305 778 1369 820; x_wconf 74' lang='lat' dir='ltr'>‘In</span> <span class='ocrx_word' id='word_1_85' title='bbox 1393 782 1464 819; x_wconf 86' lang='lat' dir='ltr'>der</span> <span class='ocrx_word' id='word_1_86' title='bbox 1488 780 1674 831; x_wconf 73' lang='lat' dir='ltr'>gewtihn-</span> 
     </span>
     <span class='ocr_line' id='line_1_13' title="bbox 177 840 1674 892; baseline -0.003 -11"><span class='ocrx_word' id='word_1_87' title='bbox 177 843 308 882; x_wconf 86' lang='lat' dir='ltr'>lichen</span> <span class='ocrx_word' id='word_1_88' title='bbox 331 843 571 892; x_wconf 85' lang='lat' dir='ltr'>Bedeutung</span> <span class='ocrx_word' id='word_1_89' title='bbox 595 855 673 881; x_wconf 88' lang='lat' dir='ltr'>von</span> <span class='ocrx_word' id='word_1_90' title='bbox 695 843 929 891; x_wconf 67' lang='lat' dir='ltr'>hinzufc&#39;iqen</span> <span class='ocrx_word' id='word_1_91' title='bbox 948 859 1004 873; x_wconf 86' lang='lat'><strong>=</strong></span> <span class='ocrx_word' id='word_1_92' title='bbox 1025 843 1165 881; x_wconf 81' lang='lat' dir='ltr'><strong><em>addere</em></strong></span> <span class='ocrx_word' id='word_1_93' title='bbox 1188 842 1244 880; x_wconf 91' lang='lat' dir='ltr'>ist</span> <span class='ocrx_word' id='word_1_94' title='bbox 1269 841 1397 880; x_wconf 88' lang='lat' dir='ltr'>dieses</span> <span class='ocrx_word' id='word_1_95' title='bbox 1423 840 1540 878; x_wconf 75' lang='lat' dir='ltr'>Wort</span> <span class='ocrx_word' id='word_1_96' title='bbox 1564 841 1674 878; x_wconf 85' lang='lat' dir='ltr'>nicht-</span> 
     </span>
     <span class='ocr_line' id='line_1_14' title="bbox 177 893 1677 953; baseline -0.003 -12"><span class='ocrx_word' id='word_1_97' title='bbox 177 902 416 941; x_wconf 87' lang='lat' dir='ltr'>ciceronisch</span> <span class='ocrx_word' id='word_1_98' title='bbox 443 933 451 940; x_wconf 87' lang='lat'>.</span> <span class='ocrx_word' id='word_1_99' title='bbox 478 931 486 939; x_wconf 95' lang='lat'>.</span> <span class='ocrx_word' id='word_1_100' title='bbox 513 929 523 939; x_wconf 92' lang='lat'>.</span> <span class='ocrx_word' id='word_1_101' title='bbox 550 930 559 939; x_wconf 91' lang='lat'>.</span> <span class='ocrx_word' id='word_1_102' title='bbox 609 901 686 940; x_wconf 89' lang='lat' dir='ltr'>Um</span> <span class='ocrx_word' id='word_1_103' title='bbox 717 913 760 940; x_wconf 91' lang='lat' dir='ltr'>so</span> <span class='ocrx_word' id='word_1_104' title='bbox 793 901 972 952; x_wconf 71' lang='lat' dir='ltr'>htiufiger</span> <span class='ocrx_word' id='word_1_105' title='bbox 999 901 1124 940; x_wconf 89' lang='lat' dir='ltr'>findet</span> <span class='ocrx_word' id='word_1_106' title='bbox 1149 914 1190 939; x_wconf 89' lang='lat' dir='ltr'>es</span> <span class='ocrx_word' id='word_1_107' title='bbox 1217 901 1302 939; x_wconf 88' lang='lat' dir='ltr'>sich</span> <span class='ocrx_word' id='word_1_108' title='bbox 1326 900 1380 938; x_wconf 89' lang='lat' dir='ltr'>im</span> <span class='ocrx_word' id='word_1_109' title='bbox 1406 900 1458 938; x_wconf 89' lang='lat' dir='ltr'>N.</span> <span class='ocrx_word' id='word_1_110' title='bbox 1482 895 1572 939; x_wconf 71' lang='lat' dir='ltr'>Kl?</span> <span class='ocrx_word' id='word_1_111' title='bbox 1597 893 1677 953; x_wconf 83' lang='lat' dir='ltr'>(se-</span> 
     </span>
     <span class='ocr_line' id='line_1_15' title="bbox 177 955 1678 1012; baseline -0.003 -13"><span class='ocrx_word' id='word_1_112' title='bbox 177 964 355 1012; x_wconf 88' lang='lat' dir='ltr'>quuntur</span> <span class='ocrx_word' id='word_1_113' title='bbox 385 960 462 999; x_wconf 88' lang='lat' dir='ltr'>loci</span> <span class='ocrx_word' id='word_1_114' title='bbox 486 960 586 999; x_wconf 89' lang='lat' dir='ltr'>Plin.</span> <span class='ocrx_word' id='word_1_115' title='bbox 612 960 704 999; x_wconf 89' lang='lat' dir='ltr'>min.</span> <span class='ocrx_word' id='word_1_116' title='bbox 732 962 773 998; x_wconf 86' lang='lat' dir='ltr'>et</span> <span class='ocrx_word' id='word_1_117' title='bbox 798 955 964 1011; x_wconf 55' lang='lat' dir='ltr'>Quint).</span> <span class='ocrx_word' id='word_1_118' title='bbox 1015 956 1198 999; x_wconf 75' lang='lat' dir='ltr'>‘Ebenso</span> <span class='ocrx_word' id='word_1_119' title='bbox 1230 959 1389 998; x_wconf 60' lang='lat' dir='ltr'>verhslt</span> <span class='ocrx_word' id='word_1_120' title='bbox 1419 971 1462 998; x_wconf 89' lang='lat' dir='ltr'>es</span> <span class='ocrx_word' id='word_1_121' title='bbox 1494 959 1577 997; x_wconf 86' lang='lat' dir='ltr'>sich</span> <span class='ocrx_word' id='word_1_122' title='bbox 1603 958 1678 996; x_wconf 86' lang='lat' dir='ltr'>mit</span> 
     </span>
     <span class='ocr_line' id='line_1_16' title="bbox 176 1013 1677 1069; baseline -0.003 -10"><span class='ocrx_word' id='word_1_123' title='bbox 176 1021 402 1064; x_wconf 77' lang='lat' dir='ltr'>subnectere,</span> <span class='ocrx_word' id='word_1_124' title='bbox 421 1019 589 1058; x_wconf 81' lang='lat' dir='ltr'>welches</span> <span class='ocrx_word' id='word_1_125' title='bbox 608 1019 796 1069; x_wconf 81' lang='lat' dir='ltr'>fibrigens</span> <span class='ocrx_word' id='word_1_126' title='bbox 815 1019 881 1058; x_wconf 90' lang='lat' dir='ltr'>bei</span> <span class='ocrx_word' id='word_1_127' title='bbox 901 1018 982 1058; x_wconf 86' lang='lat' dir='ltr'>Cic.</span> <span class='ocrx_word' id='word_1_128' title='bbox 994 1032 1033 1058; x_wconf 87' lang='lat' dir='ltr'>u.</span> <span class='ocrx_word' id='word_1_129' title='bbox 1046 1018 1192 1058; x_wconf 83' lang='lat' dir='ltr'>Caesar</span> <span class='ocrx_word' id='word_1_130' title='bbox 1211 1031 1284 1069; x_wconf 84' lang='lat' dir='ltr'>gar</span> <span class='ocrx_word' id='word_1_131' title='bbox 1304 1018 1415 1064; x_wconf 87' lang='lat' dir='ltr'>nicht</span> <span class='ocrx_word' id='word_1_132' title='bbox 1433 1013 1677 1057; x_wconf 82' lang='lat' dir='ltr'>vorkommt&#39;</span> 
     </span>
     <span class='ocr_line' id='line_1_17' title="bbox 179 1073 1210 1131; baseline -0.001 -14"><span class='ocrx_word' id='word_1_133' title='bbox 179 1075 418 1130; x_wconf 87' lang='lat' dir='ltr'>(sequuntur</span> <span class='ocrx_word' id='word_1_134' title='bbox 442 1078 519 1118; x_wconf 89' lang='lat' dir='ltr'>loci</span> <span class='ocrx_word' id='word_1_135' title='bbox 544 1077 677 1123; x_wconf 81' lang='lat' dir='ltr'><strong>Quint.</strong></span> <span class='ocrx_word' id='word_1_136' title='bbox 703 1078 792 1117; x_wconf 81' lang='lat' dir='ltr'>Val.</span> <span class='ocrx_word' id='word_1_137' title='bbox 817 1079 920 1118; x_wconf 77' lang='lat' dir='ltr'>Max,</span> <span class='ocrx_word' id='word_1_138' title='bbox 944 1078 1043 1118; x_wconf 84' lang='lat' dir='ltr'>Iust.</span> <span class='ocrx_word' id='word_1_139' title='bbox 1068 1073 1210 1131; x_wconf 60' lang='lat' dir='ltr'>Hiera).</span> 
     </span>
    </p>

    <p class='ocr_par' dir='ltr' id='par_1_8' title="bbox 117 1134 1675 1245">
     <span class='ocr_line' id='line_1_18' title="bbox 117 1134 1675 1189; baseline -0.001 -13"><span class='ocrx_word' id='word_1_140' title='bbox 117 1134 364 1177; x_wconf 76' lang='lat' dir='ltr'>subnectere</span> <span class='ocrx_word' id='word_1_141' title='bbox 389 1139 486 1185; x_wconf 88' lang='grc'><strong>436,</strong></span> <span class='ocrx_word' id='word_1_142' title='bbox 511 1139 637 1189; x_wconf 90' lang='grc'><strong>1110,</strong></span> <span class='ocrx_word' id='word_1_143' title='bbox 659 1139 791 1187; x_wconf 75' lang='grc'><strong>1803,</strong></span> <span class='ocrx_word' id='word_1_144' title='bbox 817 1150 1013 1188; x_wconf 81' lang='lat' dir='ltr'>nusquam</span> <span class='ocrx_word' id='word_1_145' title='bbox 1033 1138 1138 1187; x_wconf 87' lang='lat' dir='ltr'>apud</span> <span class='ocrx_word' id='word_1_146' title='bbox 1160 1137 1443 1176; x_wconf 73' lang='lat' dir='ltr'>Terentianum</span> <span class='ocrx_word' id='word_1_147' title='bbox 1464 1137 1675 1187; x_wconf 83' lang='lat' dir='ltr'>participia</span> 
     </span>
     <span class='ocr_line' id='line_1_19' title="bbox 176 1197 847 1245; baseline -0.001 -9"><span class='ocrx_word' id='word_1_148' title='bbox 176 1198 378 1236; x_wconf 77' lang='lat' dir='ltr'>subiuncta</span> <span class='ocrx_word' id='word_1_149' title='bbox 403 1200 443 1236; x_wconf 88' lang='lat' dir='ltr'>et</span> <span class='ocrx_word' id='word_1_150' title='bbox 467 1197 638 1235; x_wconf 72' lang='lat' dir='ltr'>subnexa</span> <span class='ocrx_word' id='word_1_151' title='bbox 664 1198 847 1245; x_wconf 60' lang='lat' dir='ltr'>exstant„</span> 
     </span>
    </p>

    <p class='ocr_par' dir='ltr' id='par_1_9' title="bbox 117 1252 1057 1306">
     <span class='ocr_line' id='line_1_20' title="bbox 117 1252 1057 1306; baseline 0.001 -12"><span class='ocrx_word' id='word_1_152' title='bbox 117 1252 318 1306; x_wconf 82' lang='lat' dir='ltr'>subsequi</span> <span class='ocrx_word' id='word_1_153' title='bbox 345 1273 398 1287; x_wconf 90' lang='lat'><strong><em>=</em></strong></span> <span class='ocrx_word' id='word_1_154' title='bbox 424 1257 530 1304; x_wconf 76' lang='lat' dir='ltr'>sequi</span> <span class='ocrx_word' id='word_1_155' title='bbox 556 1257 653 1306; x_wconf 83' lang='lat'>765,</span> <span class='ocrx_word' id='word_1_156' title='bbox 681 1257 778 1305; x_wconf 88' lang='grc'><strong>868,</strong></span> <span class='ocrx_word' id='word_1_157' title='bbox 805 1257 902 1306; x_wconf 83' lang='grc'><strong>952,</strong></span> <span class='ocrx_word' id='word_1_158' title='bbox 933 1258 1057 1295; x_wconf 83' lang='grc'><strong>2019.</strong></span> 
     </span>
    </p>

    <p class='ocr_par' dir='ltr' id='par_1_10' title="bbox 123 1312 1676 1367">
     <span class='ocr_line' id='line_1_21' title="bbox 123 1312 1676 1367; baseline 0 -14"><span class='ocrx_word' id='word_1_159' title='bbox 123 1312 374 1367; x_wconf 82' lang='lat' dir='ltr'>†suscipere</span> <span class='ocrx_word' id='word_1_160' title='bbox 389 1331 443 1346; x_wconf 88' lang='lat'>=</span> <span class='ocrx_word' id='word_1_161' title='bbox 459 1317 627 1364; x_wconf 60' lang='lat' dir='ltr'>excipere</span> <span class='ocrx_word' id='word_1_162' title='bbox 648 1317 668 1353; x_wconf 92' lang='lat'>1</span> <span class='ocrx_word' id='word_1_163' title='bbox 679 1316 779 1354; x_wconf 87' lang='lat'>186:</span> <span class='ocrx_word' id='word_1_164' title='bbox 804 1317 971 1354; x_wconf 78' lang='lat' dir='ltr'>vocalem</span> <span class='ocrx_word' id='word_1_165' title='bbox 989 1317 1155 1354; x_wconf 74' lang='lat' dir='ltr'>mediam</span> <span class='ocrx_word' id='word_1_166' title='bbox 1173 1317 1208 1354; x_wconf 78' lang='lat' dir='ltr'>si</span> <span class='ocrx_word' id='word_1_167' title='bbox 1227 1327 1392 1354; x_wconf 79' lang='lat' dir='ltr'>consona</span> <span class='ocrx_word' id='word_1_168' title='bbox 1411 1316 1570 1363; x_wconf 76' lang='lat' dir='ltr'>suscipit</span> <span class='ocrx_word' id='word_1_169' title='bbox 1584 1327 1676 1353; x_wconf 74' lang='lat' dir='ltr'>una.</span> 
     </span>
    </p>

    <p class='ocr_par' dir='ltr' id='par_1_11' title="bbox 117 1374 1678 1709">
     <span class='ocr_line' id='line_1_22' title="bbox 117 1374 1677 1424; baseline 0 -12"><span class='ocrx_word' id='word_1_170' title='bbox 117 1381 272 1424; x_wconf 80' lang='lat' dir='ltr'>urgere</span> <span class='ocrx_word' id='word_1_171' title='bbox 299 1375 412 1414; x_wconf 89' lang='grc'><strong>2198</strong></span> <span class='ocrx_word' id='word_1_172' title='bbox 446 1375 538 1413; x_wconf 82' lang='lat' dir='ltr'>dum</span> <span class='ocrx_word' id='word_1_173' title='bbox 560 1387 693 1423; x_wconf 77' lang='lat' dir='ltr'>parva</span> <span class='ocrx_word' id='word_1_174' title='bbox 724 1375 876 1423; x_wconf 73' lang='lat' dir='ltr'>lonyam</span> <span class='ocrx_word' id='word_1_175' title='bbox 906 1387 1054 1423; x_wconf 78' lang='lat' dir='ltr'><strong><em>semper</em></strong></span> <span class='ocrx_word' id='word_1_176' title='bbox 1086 1375 1231 1413; x_wconf 72' lang='lat' dir='ltr'>alterno</span> <span class='ocrx_word' id='word_1_177' title='bbox 1260 1375 1389 1423; x_wconf 74' lang='lat' dir='ltr'>yradu</span> <span class='ocrx_word' id='word_1_178' title='bbox 1419 1377 1548 1423; x_wconf 73' lang='lat' dir='ltr'>urqet;</span> <span class='ocrx_word' id='word_1_179' title='bbox 1579 1374 1677 1412; x_wconf 87' lang='lat' dir='ltr'>item</span> 
     </span>
     <span class='ocr_line' id='line_1_23' title="bbox 181 1433 1678 1484; baseline 0.001 -13"><span class='ocrx_word' id='word_1_180' title='bbox 181 1435 295 1473; x_wconf 89' lang='lat'>1514</span> <span class='ocrx_word' id='word_1_181' title='bbox 309 1446 385 1483; x_wconf 89' lang='lat' dir='ltr'>sq.,</span> <span class='ocrx_word' id='word_1_182' title='bbox 416 1433 487 1472; x_wconf 89' lang='lat' dir='ltr'>ubi</span> <span class='ocrx_word' id='word_1_183' title='bbox 522 1433 668 1472; x_wconf 83' lang='lat' dir='ltr'>omissa</span> <span class='ocrx_word' id='word_1_184' title='bbox 701 1434 890 1484; x_wconf 79' lang='lat' dir='ltr'>syllaba·</span> <span class='ocrx_word' id='word_1_185' title='bbox 880 1447 921 1472; x_wconf 81' lang='lat' dir='ltr'>in</span> <span class='ocrx_word' id='word_1_186' title='bbox 946 1434 986 1472; x_wconf 91' lang='lat' dir='ltr'>M</span> <span class='ocrx_word' id='word_1_187' title='bbox 1011 1434 1180 1484; x_wconf 83' lang='lat' dir='ltr'>legitur:</span> <span class='ocrx_word' id='word_1_188' title='bbox 1212 1434 1279 1472; x_wconf 78' lang='lat' dir='ltr'>sed</span> <span class='ocrx_word' id='word_1_189' title='bbox 1304 1435 1480 1472; x_wconf 78' lang='lat' dir='ltr'>continuo</span> <span class='ocrx_word' id='word_1_190' title='bbox 1506 1435 1678 1472; x_wconf 75' lang='lat' dir='ltr'>carmine</span> 
     </span>
     <span class='ocr_line' id='line_1_24' title="bbox 170 1492 1681 1542; baseline -0.001 -11"><span class='ocrx_word' id='word_1_191' title='bbox 170 1493 290 1542; x_wconf 79' lang='lat' dir='ltr'>pedes</span> <span class='ocrx_word' id='word_1_192' title='bbox 310 1493 460 1542; x_wconf 73' lang='lat' dir='ltr'>yemellc&#39;</span> <span class='ocrx_word' id='word_1_193' title='bbox 484 1495 620 1541; x_wconf 77' lang='lat' dir='ltr'>uryent</span> <span class='ocrx_word' id='word_1_194' title='bbox 645 1493 820 1531; x_wconf 78' lang='lat' dir='ltr'>brevibus</span> <span class='ocrx_word' id='word_1_195' title='bbox 851 1496 902 1531; x_wconf 80' lang='lat' dir='ltr'>tot</span> <span class='ocrx_word' id='word_1_196' title='bbox 931 1505 1088 1531; x_wconf 78' lang='lat' dir='ltr'>numero</span> <span class='ocrx_word' id='word_1_197' title='bbox 1119 1493 1288 1542; x_wconf 73' lang='lat' dir='ltr'>iuyando</span> <span class='ocrx_word' id='word_1_198' title='bbox 1320 1493 1463 1542; x_wconf 74' lang='lat' dir='ltr'>lonyas.</span> <span class='ocrx_word' id='word_1_199' title='bbox 1502 1492 1681 1531; x_wconf 75' lang='lat' dir='ltr'>editores</span> 
     </span>
     <span class='ocr_line' id='line_1_25' title="bbox 177 1551 1677 1601; baseline -0.001 -11"><span class='ocrx_word' id='word_1_200' title='bbox 177 1551 326 1590; x_wconf 84' lang='lat' dir='ltr'>Aldum</span> <span class='ocrx_word' id='word_1_201' title='bbox 347 1552 472 1591; x_wconf 86' lang='lat' dir='ltr'>secuti</span> <span class='ocrx_word' id='word_1_202' title='bbox 491 1553 583 1600; x_wconf 76' lang='lat' dir='ltr'>quia</span> <span class='ocrx_word' id='word_1_203' title='bbox 601 1555 694 1601; x_wconf 86' lang='lat' dir='ltr'>post</span> <span class='ocrx_word' id='word_1_204' title='bbox 712 1553 883 1591; x_wconf 77' lang='lat' dir='ltr'>carmi-ne</span> <span class='ocrx_word' id='word_1_205' title='bbox 900 1552 1165 1601; x_wconf 85' lang='lat' dir='ltr'>inseruerunt,</span> <span class='ocrx_word' id='word_1_206' title='bbox 1187 1553 1255 1590; x_wconf 90' lang='lat' dir='ltr'>sed</span> <span class='ocrx_word' id='word_1_207' title='bbox 1274 1563 1314 1591; x_wconf 88' lang='lat' dir='ltr'>se</span> <span class='ocrx_word' id='word_1_208' title='bbox 1334 1553 1504 1591; x_wconf 90' lang='lat' dir='ltr'>scribere</span> <span class='ocrx_word' id='word_1_209' title='bbox 1519 1551 1677 1601; x_wconf 79' lang='lat' dir='ltr'>malim3</span> 
     </span>
     <span class='ocr_line' id='line_1_26' title="bbox 179 1611 1678 1662; baseline 0.001 -14"><span class='ocrx_word' id='word_1_210' title='bbox 179 1623 271 1648; x_wconf 81' lang='lat' dir='ltr'>nam</span> <span class='ocrx_word' id='word_1_211' title='bbox 296 1611 432 1649; x_wconf 87' lang='lat' dir='ltr'>versui</span> <span class='ocrx_word' id='word_1_212' title='bbox 459 1612 571 1649; x_wconf 87' lang='grc'><strong>1513</strong></span> <span class='ocrx_word' id='word_1_213' title='bbox 598 1611 658 1648; x_wconf 91' lang='lat' dir='ltr'>illi</span> <span class='ocrx_word' id='word_1_214' title='bbox 685 1612 797 1650; x_wconf 86' lang='lat'>1515</span> <span class='ocrx_word' id='word_1_215' title='bbox 835 1613 876 1649; x_wconf 89' lang='lat' dir='ltr'>et</span> <span class='ocrx_word' id='word_1_216' title='bbox 904 1613 1015 1650; x_wconf 90' lang='lat'>1516</span> <span class='ocrx_word' id='word_1_217' title='bbox 1048 1611 1238 1651; x_wconf 87' lang='lat' dir='ltr'>contrarii</span> <span class='ocrx_word' id='word_1_218' title='bbox 1274 1613 1382 1662; x_wconf 78' lang='lat' dir='ltr'>sunt,</span> <span class='ocrx_word' id='word_1_219' title='bbox 1415 1613 1462 1650; x_wconf 87' lang='lat' dir='ltr'>ut</span> <span class='ocrx_word' id='word_1_220' title='bbox 1492 1611 1560 1661; x_wconf 85' lang='lat' dir='ltr'>qui</span> <span class='ocrx_word' id='word_1_221' title='bbox 1586 1612 1678 1659; x_wconf 78' lang='lat' dir='ltr'>quia</span> 
     </span>
     <span class='ocr_line' id='line_1_27' title="bbox 181 1669 934 1709; baseline 0.001 -1"><span class='ocrx_word' id='word_1_222' title='bbox 181 1669 406 1708; x_wconf 76' lang='lat' dir='ltr'>addiderint</span> <span class='ocrx_word' id='word_1_223' title='bbox 431 1670 648 1709; x_wconf 85' lang='lat' dir='ltr'>sententias</span> <span class='ocrx_word' id='word_1_224' title='bbox 674 1670 934 1709; x_wconf 78' lang='lat' dir='ltr'>obscurarint.</span> 
     </span>
    </p>
   </div>
   <div class='ocr_carea' id='block_1_3' title="bbox 121 1729 1680 1898">
    <p class='ocr_par' dir='ltr' id='par_1_12' title="bbox 121 1729 1680 1898">
     <span class='ocr_line' id='line_1_28' title="bbox 240 1729 1506 1778; baseline 0.002 -12"><span class='ocrx_word' id='word_1_225' title='bbox 240 1729 373 1778; x_wconf 91' lang='lat' dir='ltr'>Atque</span> <span class='ocrx_word' id='word_1_226' title='bbox 398 1729 478 1767; x_wconf 82' lang='lat' dir='ltr'>alia</span> <span class='ocrx_word' id='word_1_227' title='bbox 502 1729 630 1767; x_wconf 88' lang='lat' dir='ltr'>multa</span> <span class='ocrx_word' id='word_1_228' title='bbox 653 1729 922 1768; x_wconf 86' lang='lat' dir='ltr'>inveniuntur.</span> <span class='ocrx_word' id='word_1_229' title='bbox 1503 1762 1506 1763; x_wconf 16' lang='grc' dir='ltr'><em>γ</em></span> 
     </span>
     <span class='ocr_line' id='line_1_29' title="bbox 240 1786 1680 1839; baseline 0 -13"><span class='ocrx_word' id='word_1_230' title='bbox 240 1786 318 1826; x_wconf 88' lang='lat' dir='ltr'>Sed</span> <span class='ocrx_word' id='word_1_231' title='bbox 347 1800 451 1827; x_wconf 82' lang='lat' dir='ltr'>nova</span> <span class='ocrx_word' id='word_1_232' title='bbox 486 1788 610 1826; x_wconf 88' lang='lat' dir='ltr'>verba</span> <span class='ocrx_word' id='word_1_233' title='bbox 646 1788 812 1839; x_wconf 85' lang='lat' dir='ltr'>fingere,</span> <span class='ocrx_word' id='word_1_234' title='bbox 850 1801 1089 1839; x_wconf 86' lang='lat' dir='ltr'>quamquam</span> <span class='ocrx_word' id='word_1_235' title='bbox 1121 1789 1314 1827; x_wconf 88' lang='lat' dir='ltr'>nonnulla</span> <span class='ocrx_word' id='word_1_236' title='bbox 1347 1790 1440 1826; x_wconf 86' lang='lat' dir='ltr'>ante</span> <span class='ocrx_word' id='word_1_237' title='bbox 1471 1800 1564 1826; x_wconf 88' lang='lat' dir='ltr'>eum</span> <span class='ocrx_word' id='word_1_238' title='bbox 1597 1800 1680 1827; x_wconf 92' lang='lat' dir='ltr'>non</span> 
     </span>
     <span class='ocr_line' id='line_1_30' title="bbox 121 1846 1676 1898; baseline 0.001 -14"><span class='ocrx_word' id='word_1_239' title='bbox 121 1847 320 1898; x_wconf 84' lang='lat' dir='ltr'>leguntur,</span> <span class='ocrx_word' id='word_1_240' title='bbox 341 1847 500 1885; x_wconf 89' lang='lat' dir='ltr'>minime</span> <span class='ocrx_word' id='word_1_241' title='bbox 518 1847 685 1886; x_wconf 78' lang='lat' dir='ltr'>studuit.</span> <span class='ocrx_word' id='word_1_242' title='bbox 717 1846 830 1893; x_wconf 84' lang='lat' dir='ltr'>Quod</span> <span class='ocrx_word' id='word_1_243' title='bbox 855 1849 902 1886; x_wconf 89' lang='lat' dir='ltr'>ut</span> <span class='ocrx_word' id='word_1_244' title='bbox 919 1847 1227 1897; x_wconf 87' lang='lat' dir='ltr'>demonstretur,</span> <span class='ocrx_word' id='word_1_245' title='bbox 1246 1847 1438 1887; x_wconf 87' lang='lat' dir='ltr'>nonnulla</span> <span class='ocrx_word' id='word_1_246' title='bbox 1462 1847 1676 1887; x_wconf 85' lang='lat' dir='ltr'>verborum</span> 
     </span>
    </p>
   </div>
   <div class='ocr_carea' id='block_1_4' title="bbox 121 1917 607 1956">
    <p class='ocr_par' dir='ltr' id='par_1_13' title="bbox 121 1917 607 1956">
     <span class='ocr_line' id='line_1_31' title="bbox 121 1917 607 1956; baseline -0.002 -11"><span class='ocrx_word' id='word_1_247' title='bbox 121 1917 270 1956; x_wconf 72' lang='lat' dir='ltr'>genera</span> <span class='ocrx_word' id='word_1_248' title='bbox 294 1918 607 1956; x_wconf 72' lang='lat' dir='ltr'><strong>percenseamus.</strong></span> 
     </span>
    </p>
   </div>
   <div class='ocr_carea' id='block_1_5' title="bbox 121 1964 1685 2899">
    <p class='ocr_par' dir='ltr' id='par_1_14' title="bbox 121 1964 1685 2899">
     <span class='ocr_line' id='line_1_32' title="bbox 240 1964 781 2005; baseline -0.002 -1"><span class='ocrx_word' id='word_1_249' title='bbox 240 1964 494 2005; x_wconf 82' lang='lat' dir='ltr'>Deminutiva</span> <span class='ocrx_word' id='word_1_250' title='bbox 518 1965 642 2004; x_wconf 86' lang='lat' dir='ltr'>habet</span> <span class='ocrx_word' id='word_1_251' title='bbox 666 1966 781 2004; x_wconf 86' lang='lat' dir='ltr'>haec:</span> 
     </span>
     <span class='ocr_line' id='line_1_33' title="bbox 121 2017 1603 2076; baseline 0.001 -14"><span class='ocrx_word' id='word_1_252' title='bbox 121 2017 320 2063; x_wconf 79' lang='lat' dir='ltr'>flosculus</span> <span class='ocrx_word' id='word_1_253' title='bbox 344 2025 452 2064; x_wconf 86' lang='lat' dir='ltr'>verbi</span> <span class='ocrx_word' id='word_1_254' title='bbox 478 2037 597 2063; x_wconf 87' lang='lat' dir='ltr'>causa</span> <span class='ocrx_word' id='word_1_255' title='bbox 623 2026 706 2064; x_wconf 90' lang='grc'><strong>837</strong></span> <span class='ocrx_word' id='word_1_256' title='bbox 732 2025 951 2076; x_wconf 79' lang='lat' dir='ltr'>invenitur3</span> <span class='ocrx_word' id='word_1_257' title='bbox 978 2024 1057 2064; x_wconf 86' lang='lat' dir='ltr'>Cic.</span> <span class='ocrx_word' id='word_1_258' title='bbox 1083 2025 1172 2064; x_wconf 81' lang='lat' dir='ltr'>Sen.</span> <span class='ocrx_word' id='word_1_259' title='bbox 1199 2025 1332 2071; x_wconf 80' lang='lat' dir='ltr'>Quint.</span> <span class='ocrx_word' id='word_1_260' title='bbox 1358 2024 1494 2065; x_wconf 87' lang='lat' dir='ltr'>Iuven.</span> <span class='ocrx_word' id='word_1_261' title='bbox 1522 2025 1603 2063; x_wconf 87' lang='lat' dir='ltr'>alii.</span> 
     </span>
     <span class='ocr_line' id='line_1_34' title="bbox 123 2077 953 2133; baseline 0.001 -12"><span class='ocrx_word' id='word_1_262' title='bbox 123 2077 356 2122; x_wconf 76' lang='lat' dir='ltr'>fonticulus</span> <span class='ocrx_word' id='word_1_263' title='bbox 383 2084 516 2133; x_wconf 82' lang='grc' dir='ltr'><strong>213ος</strong></span> <span class='ocrx_word' id='word_1_264' title='bbox 543 2083 636 2122; x_wconf 89' lang='lat' dir='ltr'>Hor.</span> <span class='ocrx_word' id='word_1_265' title='bbox 663 2083 766 2122; x_wconf 87' lang='lat' dir='ltr'>Vitr.</span> <span class='ocrx_word' id='word_1_266' title='bbox 794 2083 877 2123; x_wconf 91' lang='lat' dir='ltr'>Col.</span> <span class='ocrx_word' id='word_1_267' title='bbox 903 2085 953 2122; x_wconf 86' lang='lat' dir='ltr'>al.</span> 
     </span>
     <span class='ocr_line' id='line_1_35' title="bbox 126 2136 318 2181; baseline 0.005 -1"><span class='ocrx_word' id='word_1_268' title='bbox 126 2136 318 2181; x_wconf 78' lang='lat' dir='ltr'>formula.</span> 
     </span>
     <span class='ocr_line' id='line_1_36' title="bbox 130 2195 1678 2253; baseline 0.001 -14"><span class='ocrx_word' id='word_1_269' title='bbox 130 2195 421 2251; x_wconf 49' lang='lat' dir='ltr'>:ltfulgidulus</span> <span class='ocrx_word' id='word_1_270' title='bbox 446 2205 572 2240; x_wconf 76' lang='lat' dir='ltr'>metro</span> <span class='ocrx_word' id='word_1_271' title='bbox 607 2204 764 2241; x_wconf 86' lang='lat' dir='ltr'>coactus</span> <span class='ocrx_word' id='word_1_272' title='bbox 796 2202 973 2251; x_wconf 88' lang='lat' dir='ltr'>posuisse</span> <span class='ocrx_word' id='word_1_273' title='bbox 998 2203 1170 2241; x_wconf 85' lang='lat' dir='ltr'>videtur:</span> <span class='ocrx_word' id='word_1_274' title='bbox 1212 2204 1295 2241; x_wconf 91' lang='grc'>225</span> <span class='ocrx_word' id='word_1_275' title='bbox 1321 2204 1515 2253; x_wconf 71' lang='lat' dir='ltr'>fulyidula</span> <span class='ocrx_word' id='word_1_276' title='bbox 1540 2205 1678 2241; x_wconf 74' lang='lat' dir='ltr'>notabo</span> 
     </span>
     <span class='ocr_line' id='line_1_37' title="bbox 181 2260 1148 2311; baseline 0.001 -12"><span class='ocrx_word' id='word_1_277' title='bbox 181 2261 312 2306; x_wconf 77' lang='lat' dir='ltr'>milto;</span> <span class='ocrx_word' id='word_1_278' title='bbox 342 2261 446 2311; x_wconf 77' lang='lat' dir='ltr'>apud</span> <span class='ocrx_word' id='word_1_279' title='bbox 473 2260 755 2300; x_wconf 84' lang='lat' dir='ltr'>Terentianum</span> <span class='ocrx_word' id='word_1_280' title='bbox 782 2261 911 2299; x_wconf 90' lang='lat' dir='ltr'>solum</span> <span class='ocrx_word' id='word_1_281' title='bbox 936 2262 1148 2301; x_wconf 86' lang='lat' dir='ltr'>invenitur.</span> 
     </span>
     <span class='ocr_line' id='line_1_38' title="bbox 125 2313 1228 2371; baseline 0.003 -15"><span class='ocrx_word' id='word_1_282' title='bbox 125 2313 341 2357; x_wconf 74' lang='lat' dir='ltr'>funiculus</span> <span class='ocrx_word' id='word_1_283' title='bbox 367 2321 441 2369; x_wconf 76' lang='lat'>213</span> <span class='ocrx_word' id='word_1_284' title='bbox 467 2318 564 2358; x_wconf 82' lang='lat' dir='ltr'>Cato</span> <span class='ocrx_word' id='word_1_285' title='bbox 590 2319 668 2359; x_wconf 90' lang='lat' dir='ltr'>Cic.</span> <span class='ocrx_word' id='word_1_286' title='bbox 694 2319 807 2359; x_wconf 83' lang='lat' dir='ltr'>Varr.</span> <span class='ocrx_word' id='word_1_287' title='bbox 835 2319 935 2358; x_wconf 88' lang='lat' dir='ltr'>Gell.</span> <span class='ocrx_word' id='word_1_288' title='bbox 962 2320 1080 2370; x_wconf 89' lang='lat' dir='ltr'>Apul.</span> <span class='ocrx_word' id='word_1_289' title='bbox 1107 2323 1228 2371; x_wconf 85' lang='lat' dir='ltr'>postt.</span> 
     </span>
     <span class='ocr_line' id='line_1_39' title="bbox 125 2373 1674 2431; baseline 0.003 -16"><span class='ocrx_word' id='word_1_290' title='bbox 125 2373 341 2427; x_wconf 81' lang='lat' dir='ltr'>gemellus,</span> <span class='ocrx_word' id='word_1_291' title='bbox 366 2379 603 2418; x_wconf 82' lang='lat' dir='ltr'>vocabulum</span> <span class='ocrx_word' id='word_1_292' title='bbox 628 2382 674 2417; x_wconf 91' lang='lat' dir='ltr'>ut</span> <span class='ocrx_word' id='word_1_293' title='bbox 694 2381 869 2427; x_wconf 65' lang='lat' dir='ltr'>§eminus</span> <span class='ocrx_word' id='word_1_294' title='bbox 895 2379 1157 2418; x_wconf 85' lang='lat' dir='ltr'>Terentianus</span> <span class='ocrx_word' id='word_1_295' title='bbox 1184 2392 1301 2430; x_wconf 88' lang='lat' dir='ltr'>saepe</span> <span class='ocrx_word' id='word_1_296' title='bbox 1327 2381 1524 2419; x_wconf 86' lang='lat' dir='ltr'>translato</span> <span class='ocrx_word' id='word_1_297' title='bbox 1551 2380 1674 2431; x_wconf 85' lang='lat' dir='ltr'>signi-</span> 
     </span>
     <span class='ocr_line' id='line_1_40' title="bbox 186 2436 1223 2487; baseline 0.002 -12"><span class='ocrx_word' id='word_1_298' title='bbox 186 2436 306 2475; x_wconf 75' lang='lat' dir='ltr'>ficatu</span> <span class='ocrx_word' id='word_1_299' title='bbox 330 2436 528 2486; x_wconf 73' lang='lat' dir='ltr'>adhibuit,</span> <span class='ocrx_word' id='word_1_300' title='bbox 553 2450 740 2476; x_wconf 88' lang='lat' dir='ltr'>numerus</span> <span class='ocrx_word' id='word_1_301' title='bbox 766 2438 980 2487; x_wconf 84' lang='lat' dir='ltr'>singularis</span> <span class='ocrx_word' id='word_1_302' title='bbox 1007 2438 1223 2487; x_wconf 79' lang='lat' dir='ltr'>significat:</span> 
     </span>
     <span class='ocr_line' id='line_1_41' title="bbox 185 2493 1682 2563; baseline 0.002 -29"><span class='ocrx_word' id='word_1_303' title='bbox 185 2493 227 2546; x_wconf 78' lang='lat' dir='ltr'>a)</span> <span class='ocrx_word' id='word_1_304' title='bbox 251 2507 371 2534; x_wconf 79' lang='lat' dir='ltr'>unam</span> <span class='ocrx_word' id='word_1_305' title='bbox 398 2508 480 2534; x_wconf 87' lang='lat' dir='ltr'>rem</span> <span class='ocrx_word' id='word_1_306' title='bbox 506 2496 574 2534; x_wconf 80' lang='lat' dir='ltr'>alii</span> <span class='ocrx_word' id='word_1_307' title='bbox 597 2509 735 2563; x_wconf 80' lang='lat' dir='ltr'>parem</span> <span class='ocrx_word' id='word_1_308' title='bbox 761 2498 844 2535; x_wconf 87' lang='grc'>881</span> <span class='ocrx_word' id='word_1_309' title='bbox 868 2498 991 2534; x_wconf 80' lang='lat' dir='ltr'>omnis</span> <span class='ocrx_word' id='word_1_310' title='bbox 1015 2498 1095 2535; x_wconf 76' lang='lat' dir='ltr'>uda</span> <span class='ocrx_word' id='word_1_311' title='bbox 1115 2510 1200 2535; x_wconf 87' lang='lat' dir='ltr'>cum</span> <span class='ocrx_word' id='word_1_312' title='bbox 1221 2500 1383 2546; x_wconf 75' lang='lat' dir='ltr'>yemella</span> <span class='ocrx_word' id='word_1_313' title='bbox 1399 2501 1474 2537; x_wconf 77' lang='lat' dir='ltr'>re&#39;te</span> <span class='ocrx_word' id='word_1_314' title='bbox 1501 2500 1682 2547; x_wconf 67' lang='lat' dir='ltr'>‹oniunyi</span> 
     </span>
     <span class='ocr_line' id='line_1_42' title="bbox 255 2550 1680 2610; baseline 0.002 -17"><span class='ocrx_word' id='word_1_315' title='bbox 255 2558 367 2603; x_wconf 77' lang='lat' dir='ltr'>queat</span> <span class='ocrx_word' id='word_1_316' title='bbox 392 2550 434 2607; x_wconf 84' lang='lat' dir='ltr'>(i.</span> <span class='ocrx_word' id='word_1_317' title='bbox 454 2567 487 2594; x_wconf 87' lang='lat' dir='ltr'>e.</span> <span class='ocrx_word' id='word_1_318' title='bbox 512 2555 574 2593; x_wconf 86' lang='lat' dir='ltr'>bis</span> <span class='ocrx_word' id='word_1_319' title='bbox 598 2555 708 2604; x_wconf 87' lang='lat' dir='ltr'>poni,</span> <span class='ocrx_word' id='word_1_320' title='bbox 733 2555 810 2593; x_wconf 83' lang='lat' dir='ltr'>nisi</span> <span class='ocrx_word' id='word_1_321' title='bbox 835 2555 934 2593; x_wconf 88' lang='lat' dir='ltr'>illud</span> <span class='ocrx_word' id='word_1_322' title='bbox 960 2568 1044 2594; x_wconf 83' lang='lat' dir='ltr'>cum</span> <span class='ocrx_word' id='word_1_323' title='bbox 1069 2556 1382 2596; x_wconf 86' lang='lat' dir='ltr'>coniunctionem</span> <span class='ocrx_word' id='word_1_324' title='bbox 1416 2570 1478 2596; x_wconf 84' lang='lat' dir='ltr'>ess</span> <span class='ocrx_word' id='word_1_325' title='bbox 1483 2571 1504 2596; x_wconf 86' lang='lat' dir='ltr'>e</span> <span class='ocrx_word' id='word_1_326' title='bbox 1530 2553 1680 2610; x_wconf 77' lang='lat' dir='ltr'>putas),</span> 
     </span>
     <span class='ocr_line' id='line_1_43' title="bbox 187 2607 1685 2667; baseline 0.003 -16"><span class='ocrx_word' id='word_1_327' title='bbox 187 2607 233 2667; x_wconf 84' lang='lat' dir='ltr'>b)</span> <span class='ocrx_word' id='word_1_328' title='bbox 260 2626 376 2652; x_wconf 84' lang='lat' dir='ltr'>unam</span> <span class='ocrx_word' id='word_1_329' title='bbox 404 2627 485 2652; x_wconf 84' lang='lat' dir='ltr'>rem</span> <span class='ocrx_word' id='word_1_330' title='bbox 513 2626 533 2652; x_wconf 86' lang='lat' dir='ltr'>e</span> <span class='ocrx_word' id='word_1_331' title='bbox 559 2614 712 2652; x_wconf 84' lang='lat' dir='ltr'>duabus</span> <span class='ocrx_word' id='word_1_332' title='bbox 737 2614 1012 2664; x_wconf 80' lang='lat' dir='ltr'>compositam:</span> <span class='ocrx_word' id='word_1_333' title='bbox 1040 2616 1153 2653; x_wconf 88' lang='lat'>1343</span> <span class='ocrx_word' id='word_1_334' title='bbox 1173 2618 1327 2664; x_wconf 78' lang='lat' dir='ltr'>pedem,</span> <span class='ocrx_word' id='word_1_335' title='bbox 1354 2617 1491 2655; x_wconf 73' lang='lat' dir='ltr'>ictibus</span> <span class='ocrx_word' id='word_1_336' title='bbox 1523 2618 1616 2665; x_wconf 74' lang='lat' dir='ltr'>qnia</span> <span class='ocrx_word' id='word_1_337' title='bbox 1639 2619 1685 2664; x_wconf 74' lang='lat' dir='ltr'>fit</span> 
     </span>
     <span class='ocr_line' id='line_1_44' title="bbox 254 2669 1685 2727; baseline 0.003 -17"><span class='ocrx_word' id='word_1_338' title='bbox 254 2673 418 2716; x_wconf 83' lang='lat' dir='ltr'>duobus,</span> <span class='ocrx_word' id='word_1_339' title='bbox 443 2685 520 2710; x_wconf 78' lang='lat' dir='ltr'>non</span> <span class='ocrx_word' id='word_1_340' title='bbox 548 2673 704 2721; x_wconf 74' lang='lat' dir='ltr'>yemello</span> <span class='ocrx_word' id='word_1_341' title='bbox 729 2676 893 2721; x_wconf 76' lang='lat' dir='ltr'>tempore</span> <span class='ocrx_word' id='word_1_342' title='bbox 923 2669 967 2725; x_wconf 86' lang='lat' dir='ltr'>(i.</span> <span class='ocrx_word' id='word_1_343' title='bbox 989 2686 1020 2712; x_wconf 87' lang='lat' dir='ltr'>e.</span> <span class='ocrx_word' id='word_1_344' title='bbox 1047 2671 1233 2727; x_wconf 85' lang='lat' dir='ltr'>duplici),</span> <span class='ocrx_word' id='word_1_345' title='bbox 1263 2677 1373 2714; x_wconf 88' lang='grc'><strong>1487</strong></span> <span class='ocrx_word' id='word_1_346' title='bbox 1405 2677 1587 2723; x_wconf 76' lang='lat' dir='ltr'>yemellus</span> <span class='ocrx_word' id='word_1_347' title='bbox 1612 2688 1685 2724; x_wconf 77' lang='lat' dir='ltr'>pes</span> 
     </span>
     <span class='ocr_line' id='line_1_45' title="bbox 255 2725 1684 2798; baseline 0.001 -29"><span class='ocrx_word' id='word_1_348' title='bbox 255 2725 300 2784; x_wconf 84' lang='lat' dir='ltr'>(i.</span> <span class='ocrx_word' id='word_1_349' title='bbox 321 2744 352 2771; x_wconf 88' lang='lat' dir='ltr'>e.</span> <span class='ocrx_word' id='word_1_350' title='bbox 379 2726 669 2784; x_wconf 81' lang='lat' dir='ltr'>choriambus),</span> <span class='ocrx_word' id='word_1_351' title='bbox 693 2744 820 2798; x_wconf 84' lang='lat' dir='ltr'>neque</span> <span class='ocrx_word' id='word_1_352' title='bbox 845 2732 962 2770; x_wconf 72' lang='lat' dir='ltr'>aliter</span> <span class='ocrx_word' id='word_1_353' title='bbox 987 2733 1154 2781; x_wconf 83' lang='lat' dir='ltr'>pluralis</span> <span class='ocrx_word' id='word_1_354' title='bbox 1186 2735 1400 2773; x_wconf 81' lang='lat' dir='ltr'>adhibetur</span> <span class='ocrx_word' id='word_1_355' title='bbox 1428 2737 1540 2774; x_wconf 91' lang='lat'>1514</span> <span class='ocrx_word' id='word_1_356' title='bbox 1565 2736 1684 2783; x_wconf 76' lang='lat' dir='ltr'>pedes</span> 
     </span>
     <span class='ocr_line' id='line_1_46' title="bbox 251 2784 1681 2845; baseline 0.003 -18"><span class='ocrx_word' id='word_1_357' title='bbox 251 2791 401 2838; x_wconf 63' lang='lat' dir='ltr'>yemellc&#39;</span> <span class='ocrx_word' id='word_1_358' title='bbox 425 2784 471 2844; x_wconf 84' lang='lat' dir='ltr'>(i.</span> <span class='ocrx_word' id='word_1_359' title='bbox 491 2804 523 2828; x_wconf 87' lang='lat' dir='ltr'>e.</span> <span class='ocrx_word' id='word_1_360' title='bbox 548 2790 678 2840; x_wconf 86' lang='lat' dir='ltr'>ionici,</span> <span class='ocrx_word' id='word_1_361' title='bbox 702 2790 769 2840; x_wconf 89' lang='lat' dir='ltr'>qui</span> <span class='ocrx_word' id='word_1_362' title='bbox 792 2794 886 2830; x_wconf 88' lang='lat' dir='ltr'>suut</span> <span class='ocrx_word' id='word_1_363' title='bbox 903 2791 1023 2840; x_wconf 88' lang='lat' dir='ltr'>pedes</span> <span class='ocrx_word' id='word_1_364' title='bbox 1043 2790 1258 2845; x_wconf 86' lang='lat' dir='ltr'>duplices),</span> <span class='ocrx_word' id='word_1_365' title='bbox 1283 2793 1330 2832; x_wconf 86' lang='lat' dir='ltr'>cf.</span> <span class='ocrx_word' id='word_1_366' title='bbox 1359 2793 1470 2833; x_wconf 85' lang='lat' dir='ltr'>Caes.</span> <span class='ocrx_word' id='word_1_367' title='bbox 1491 2795 1527 2833; x_wconf 95' lang='lat' dir='ltr'>b.</span> <span class='ocrx_word' id='word_1_368' title='bbox 1548 2807 1580 2833; x_wconf 88' lang='lat' dir='ltr'>c.</span> <span class='ocrx_word' id='word_1_369' title='bbox 1603 2795 1639 2842; x_wconf 90' lang='lat'>3,</span> <span class='ocrx_word' id='word_1_370' title='bbox 1656 2796 1681 2831; x_wconf 87' lang='lat'>4</span> 
     </span>
     <span class='ocr_line' id='line_1_47' title="bbox 258 2849 680 2899; baseline -0.002 -11"><span class='ocrx_word' id='word_1_371' title='bbox 258 2849 438 2899; x_wconf 75' lang='lat' dir='ltr'>leyionem</span> <span class='ocrx_word' id='word_1_372' title='bbox 458 2850 680 2899; x_wconf 58' lang='lat' dir='ltr'>musellam,-</span> 
     </span>
    </p>
   </div>
   <div class='ocr_carea' id='block_1_6' title="bbox 1330 2918 1401 2953">
    <p class='ocr_par' dir='ltr' id='par_1_15' title="bbox 1330 2918 1401 2953">
     <span class='ocr_line' id='line_1_48' title="bbox 1330 2918 1401 2953; baseline -0.014 0"><span class='ocrx_word' id='word_1_373' title='bbox 1330 2918 1401 2953; x_wconf 80' lang='lat'>21*</span> 
     </span>
    </p>
   </div>
  </div>
 </body>
</html>
