1878 3242
278 199 365 242 334
938 199 981 238 A.
1001 202 1145 238 Werth:

273 313 356 350 tate
386 312 484 350 hunc
507 315 595 360 post
628 312 790 362 dixerit,
819 312 934 352 valde
965 312 1156 363 displicet.
1203 313 1341 364 Neque
1365 314 1467 354 enim
1489 319 1532 356 ul
1553 318 1648 358 ferri
1671 321 1802 369 potest

273 382 399 419 neque
437 374 471 408 et
506 371 555 408 ad
593 372 720 409 totum
754 371 1000 409 enuntiatum
1033 371 1182 410 referri.
1239 370 1316 411 Sed
1348 373 1537 415 vocabulo
1572 379 1621 426 el,
1658 377 1801 417 dixerit

274 428 477 477 quispiam,
501 429 625 467 verba
650 431 822 477 primum
847 431 887 467 et
910 430 1132 477 semipedem
1157 429 1458 481 coniunguntur.
1498 432 1636 483 Itaque
1656 434 1796 475 Teren-

272 486 404 524 tianus
441 488 481 524 et
513 490 603 536 post
636 487 807 536 primum
837 487 977 537 pedem
1007 490 1047 525 et
1076 490 1166 536 post
1196 488 1433 538 semipedem
1463 490 1655 539 syllabam
1678 493 1799 533 inseri

272 544 414 583 iussit?
457 545 514 583 Ac
538 558 616 584 non
641 545 754 584 modo
778 557 857 584 non
880 547 972 584 ante
996 545 1116 595 prius,
1142 545 1211 584 sed
1229 546 1347 585 etiam
1364 548 1455 596 post
1471 548 1638 588 alterum
1657 563 1799 591 nomen

272 603 600 652 praepositionem
626 603 857 642 collocavit?
890 604 948 642 Ae
972 614 1136 642 caesura
1160 604 1344 644 diremit?
1374 605 1439 644 Au
1456 618 1615 645 versum
1639 620 1800 649 caesura

273 664 467 699 carentem
493 662 611 701 feeit?
658 662 781 700 Immo
807 674 879 713 ego
904 662 1061 711 quidem
1085 674 1157 711 pro
1182 665 1226 701 ut
1247 663 1336 713 lego
1355 664 1438 703 ati.
1457 676 1490 703 e.
1509 665 1570 703 aa.
1614 665 1716 705 Nam
1734 668 1800 716 qui

275 722 384 758 1158
420 721 560 758 accedit
592 732 727 759 nomen
752 724 840 769 post
868 721 1043 768 dactylon
1067 720 1182 770 dixit,
1214 720 1318 759 idem
1343 719 1447 760 κατὰ
1471 719 1631 762 (ύνεειν
1654 724 1803 773 potuit:

272 779 323 816 ad
345 780 519 826 primum
547 780 769 827 semipedem
793 782 882 827 post
905 779 999 817 dare
1023 777 1096 828 (=
1115 772 1284 832 addere)
1307 780 1511 832 syllabam,
1542 783 1582 820 et
1605 780 1664 820 ita
1690 783 1800 823 2009

271 837 322 875 ad
345 848 507 880 comma,
532 837 678 887 inquit,
703 839 750 876 do
770 838 1011 886 pariambon.

387 894 526 944 Itaque
552 895 585 934 si
610 908 708 945 quae
733 896 1042 945 praepositiones
1067 895 1244 944 legitime
1262 898 1550 946 postponuntur
1573 898 1803 951 omittimus,

271 953 365 991 haee
399 954 576 1002 exempla
609 956 779 993 restant:
816 956 898 994 506
935 957 969 993 et
993 953 1136 993 Graios
1169 950 1275 1002 a‘pud
1308 949 1547 1006 (metrorum
1580 956 1710 1006 gratia
1740 957 1799 997 ita

269 1009 483 1063 positum),
515 1014 567 1052 61
601 1014 734 1051 dumos
763 1014 861 1052 inter
890 1015 923 1051 et
953 1024 1108 1060 aspera,
1143 1014 1253 1051 2622
1278 1015 1432 1060 primas
1455 1015 1552 1052 inter
1576 1017 1610 1052 et
1633 1015 1800 1060 ultimas,

271 1071 383 1116 2834
414 1071 619 1118 spondeum
647 1071 830 1119 salluidem
859 1073 957 1110 inter
987 1074 1020 1109 el
1050 1072 1263 1109 secundum.
1318 1070 1469 1110 Deinde
1498 1084 1534 1111 v.
1557 1073 1667 1111 1788
1699 1075 1798 1112 inter

269 1131 415 1166 nostros
446 1130 596 1177 yentilis
628 1131 779 1168 oberrat
811 1141 926 1178 equus
957 1131 1081 1168 metro
1111 1129 1170 1167 ita
1199 1130 1352 1168 mutare
1383 1131 1539 1168 coaetus
1564 1132 1645 1169 est:
1685 1132 1795 1171 1796

265 1187 416 1234 yentilis
432 1190 579 1226 nostros
596 1189 694 1226 inter
711 1189 863 1226 oberrat
880 1199 1006 1236 equus,
1026 1187 1198 1237 itemque
1212 1187 1260 1226 ob
1275 1187 1390 1226 metri
1402 1187 1624 1227 discrimina
1637 1209 1694 1217 ·-
1705 1201 1798 1228 nam

268 1247 425 1294 praeter
457 1249 567 1293 queat
598 1247 750 1284 nullum
782 1259 920 1285 versus
950 1246 1116 1285 verbum
1148 1245 1190 1283 in
1220 1245 1297 1284 fine
1321 1245 1442 1284 locari
1464 1248 1620 1296 poterat
1635 1266 1694 1274 —
1714 1249 1797 1287 306

268 1304 411 1350 offensa
447 1306 528 1342 sine
564 1304 742 1354 admisit;
784 1307 1002 1343 extremum
1039 1306 1116 1342 est:
1164 1305 1273 1343 2359
1301 1305 1395 1343 libro
1419 1333 1523 1344 .....
1553 1316 1662 1353 quem
1696 1306 1798 1345 dedit

272 1363 402 1400 metris
425 1374 551 1410 super.

384 1419 504 1469 Apud
528 1422 661 1460 autem
687 1422 900 1460 seeundum
924 1421 1035 1460 Neue
1059 1416 1118 1459 11²
1147 1423 1228 1461 791
1246 1433 1328 1471 sqq.
1353 1433 1378 1460 a
1400 1420 1514 1460 Luer.
1533 1422 1664 1470 semel,
1690 1423 1752 1461 ter
1777 1435 1802 1462 a

268 1478 357 1517 Tac.
376 1480 639 1530 postponitur,
663 1482 744 1519 sine
767 1480 864 1518 locis
878 1479 1074 1518 Ciceronis
1093 1481 1129 1529 1,
1150 1480 1262 1518 Lucr.
1278 1481 1316 1529 3,
1334 1478 1454 1529 Verg.
1468 1481 1506 1527 4,
1525 1479 1617 1519 Hor.
1638 1482 1660 1519 1
1682 1475 1799 1532 (adde

213 1532 227 1547 ⁰
269 1539 340 1575 sat.
366 1536 386 1574 I
412 1540 454 1587 3,
488 1532 586 1591 68),
622 1538 786 1587 singulis
811 1539 925 1588 Prop.
950 1536 1020 1577 Ov.
1046 1537 1114 1576 Sil.
1140 1537 1310 1585 Nemes„
1341 1537 1444 1576 binis
1476 1538 1579 1577 Man.
1606 1541 1646 1577 et
1680 1537 1799 1588 Calp.,

269 1597 293 1633 3
315 1595 400 1634 Val.
419 1595 491 1646 FL,
516 1598 541 1634 4
563 1596 674 1646 Stat„
697 1609 812 1645 super
829 1597 942 1636 Luer.
958 1598 995 1647 2,
1014 1596 1133 1645 Verg.
1150 1598 1187 1647 9,
1206 1596 1301 1635 Hor.
1315 1597 1353 1643 2,
1373 1593 1444 1635 Ov.
1460 1597 1496 1644 1,
1515 1595 1585 1635 Sil.
1602 1598 1639 1647 1,
1657 1596 1747 1636 Tae.
1763 1598 1800 1647 2,

269 1653 377 1703 Calp.
399 1656 440 1704 l,
472 1654 626 1694 Nemes.
649 1657 692 1705 13
733 1655 801 1694 sed
834 1668 928 1704 prae
962 1655 1102 1693 ceteris
1136 1654 1374 1704 praepositio
1407 1655 1505 1692 inter
1538 1656 1631 1704 post
1661 1667 1803 1694 nomen

266 1714 359 1760 poni
389 1712 561 1760 videtur,
596 1716 715 1763 nque
745 1714 954 1763 imprimis,
989 1713 1056 1751 ubi
1086 1712 1189 1751 inter
1220 1713 1295 1751 duo
1321 1712 1569 1751 substantiva
1591 1712 1801 1752 intercedit

267 1770 410 1820 media3
442 1772 619 1820 exempla
651 1772 754 1810 enim
787 1772 906 1810 etiam
930 1784 951 1809 e
976 1782 1093 1820 prosa
1116 1770 1292 1809 oratione
1316 1770 1428 1808 Neue
1452 1770 1477 1809 1.
1497 1783 1527 1810 0.
1554 1771 1595 1809 et
1620 1770 1737 1810 Hand
1760 1771 1800 1810 in

268 1828 379 1868 Turs.
398 1841 428 1867 s.
447 1829 483 1867 h.
502 1842 538 1868 v.
557 1842 594 1867 n.
614 1831 667 1868 41
696 1829 774 1869 Cic.
794 1831 831 1879 2,
858 1829 967 1868 Caes.
987 1831 1025 1876 3,
1050 1829 1137 1867 Liv.
1159 1831 1195 1879 3,
1221 1829 1309 1867 Tac.
1333 1829 1386 1866 14
1412 1829 1672 1869 contulerunt.

380 1886 521 1937 Itaque
552 1890 757 1936 poetarum
783 1899 899 1926 usum
924 1887 1182 1925 Terentianus
1207 1886 1359 1925 modice
1384 1887 1563 1925 imitatus
1587 1889 1659 1926 est.
1709 1886 1796 1932 Qua

264 1956 352 1983 cum
377 1957 419 1982 re
444 1957 645 1994 compares
670 1945 781 1984 haec:
806 1945 1028 1984 Secundum
1051 1945 1268 1983 Beekerum
1292 1941 1347 1996 (p.
1363 1939 1436 1996 46)
1456 1944 1645 1993 Apuleius
1665 1945 1795 1984 solum

256 2006 416 2050 propter
449 2004 688 2053 postposuit,
723 2003 822 2043 Gell.
846 2002 924 2042 iam
957 2003 1017 2041 bis
1047 2002 1377 2052 praepositionem
1408 2002 1715 2052 monosyllabam
1752 2004 1798 2041 de

266 2055 361 2112 (XII
382 2063 447 2108 13,
469 2063 541 2110 173
565 2060 659 2099 XIV
679 2057 830 2113 2,18),
860 2061 1056 2099 Arnobius
1090 2062 1221 2099 autem
1253 2061 1330 2098 iam
1361 2072 1476 2109 saepe
1507 2062 1548 2099 in
1571 2072 1648 2108 pro
1681 2061 1728 2099 ab
1753 2061 1800 2100 de

264 2121 355 2167 post
378 2119 536 2157 nomina
560 2120 777 2169 collocavit,
802 2122 847 2158 ut
872 2118 1131 2158 Terentianus
1157 2119 1207 2157 ab
1232 2118 1304 2157 hoe
1328 2118 1499 2156 multum
1524 2118 1654 2158 distet.

383 2177 459 2216 Sed
483 2177 533 2216 ad
557 2178 733 2230 singulas
758 2177 1067 2229 praepositiones
1093 2177 1376 2216 transeundum
1401 2179 1472 2215 est,

1003 2300 1062 2336 Ab

379 2389 410 2428 Ι.
435 2389 672 2439 praepositio
697 2389 833 2429 localis
859 2388 1070 2440 significat:

381 2443 424 2500 a)
455 2448 584 2486 locum
614 2448 716 2486 unde
748 2447 896 2498 aliquid
927 2447 1006 2485 exit
1031 2441 1165 2499 (Hand
1192 2445 1211 2483 I
1232 2447 1268 2495 1,
1291 2439 1334 2498 1)
1363 2447 1407 2483 ut
1434 2445 1515 2483 259
1541 2445 1691 2492 aliquae
1714 2440 1796 2495 (lit-

263 2500 389 2559 teras)
415 2507 591 2553 faucibus
616 2507 766 2545 exsilire
790 2507 839 2546 ab
863 2507 951 2545 imis
959 2499 1006 2557 ¹).

380 2559 424 2616 b)
456 2564 612 2603 initium
648 2577 780 2603 rerum
810 2567 880 2603 aut
914 2564 1082 2614 primam
1113 2564 1267 2612 partem
1297 2556 1372 2614 (H.
1391 2561 1411 2599 1
1433 2563 1468 2610 1,
1495 2554 1574 2613 17)
1605 2562 1651 2599 ut
1683 2561 1791 2599 1095

264 2616 370 2676 (pes)
391 2635 416 2661 a
431 2624 592 2671 qeminis
612 2617 794 2675 (litteris)
814 2626 918 2662 ortus
938 2619 1004 2671 [de
1023 2622 1167 2660 omissa
1185 2620 1258 2659 hae
1276 2618 1564 2669 praepositione
1583 2619 1631 2656 of.
1645 2615 1793 2667 supraJ.

380 2675 418 2732 e)
445 2682 731 2731 separationem
763 2678 902 2733 (Hand
921 2680 940 2718 1
962 2682 998 2730 1,
1024 2675 1092 2731 2):
1132 2680 1215 2718 896
1239 2679 1393 2726 priores
1423 2676 1460 2716 G
1483 2676 1619 2715 Latini
1647 2677 1794 2715 nudam

263 2740 311 2777 ab
336 2741 443 2787 apice
464 2741 658 2786 finxerant
682 2734 772 2791 (hoe
798 2739 902 2778 enim
927 2750 1101 2788 propono
1126 2750 1196 2787 pro
1220 2737 1407 2780 nundum,
1432 2746 1503 2785 pro
1523 2746 1600 2785 quo
1619 2734 1789 2773 editores

262 2798 430 2835 nondum
460 2797 711 2847 scripserunt.
761 2797 837 2836 Sed
867 2797 1016 2836 nudum
1039 2795 1136 2834 illud
1161 2795 1209 2835 ab
1235 2793 1428 2844 quomodo
1451 2793 1689 2842 interpreter
1714 2803 1792 2830 non

383 2944 416 2991 1)
435 2943 556 2979 Verba
575 2953 658 2978 cum
671 2954 689 2978 e
702 2942 907 2988 composita
925 2942 1141 2988 plerumque
1153 2952 1172 2977 e
1185 2941 1326 2986 regunt,
1345 2939 1391 2976 ef.
1406 2939 1537 2987 Draeg.
1550 2938 1585 2973 1¹
1597 2941 1793 2974 elo—515.
