1878 3242
489 161 544 198 De
569 159 785 197 Terentiani
809 170 976 196 sermone
1002 161 1040 195 et
1064 158 1200 196 aetate.
1536 154 1620 197 321

699 277 764 314 De
794 275 987 322 syntaxi.

179 370 256 410 Pro
300 370 525 410 nominibus
569 369 831 409 substantivis
869 381 988 419 saepe
1025 367 1221 407 adiectiva
1262 367 1467 417 ponuntur
1503 366 1623 415 atque

61 430 232 481 primum
277 430 436 481 quidem
479 442 544 480 ea,
586 429 730 478 quibus
773 428 934 468 nomina
976 427 1229 467 substantiva
1265 426 1510 476 cogitatione
1555 424 1623 462 ad-

61 490 191 528 denda
229 483 377 543 sunt1).
439 488 542 527 Nam
580 490 626 527 ut
654 500 728 537 pes
764 499 898 527 versus
934 487 1051 537 talia,
1090 499 1178 526 cum
1217 489 1345 525 metro
1382 485 1624 535 postulatur,

61 549 286 588 nominibus
334 560 475 598 reapse
519 547 778 586 substantivis
822 546 1044 597 adduntur,
1090 546 1148 584 ita
1197 557 1314 596 saepe
1365 545 1516 593 syllaba
1552 555 1625 591 pes

62 620 196 647 versus
215 609 318 646 loeus
337 607 484 646 similia
508 606 760 655 omittuntur,
787 609 832 645 ut
856 606 962 656 apud
987 605 1104 644 ICtos
1131 607 1229 644 actio
1254 605 1314 643 lea:
1331 603 1442 643 talia.
1481 602 1622 641 Velut:

65 668 151 706 550
165 679 220 717 sq.
259 670 405 715 tempus
439 679 560 704 unum
591 667 671 705 iam
703 669 870 704 tenemus
895 677 973 704 esse
1004 667 1186 722 corgcptis
1216 665 1350 703 datum
1380 657 1484 716 (scil.
1510 674 1623 701 voca-

63 722 208 779 libus),
246 727 337 765 bina
360 727 573 774 productas
610 721 712 777 (scil.
743 719 919 778 vocales)
955 725 1094 763 habere
1123 736 1191 762 nec
1226 725 1356 762 minus
1393 724 1624 770 compertum

65 787 147 829 erit,
176 787 259 824 615
279 786 512 834 productam
537 779 638 838 (scil.
665 780 882 837 vocalem),
917 785 1030 823 1094
1045 796 1101 834 sq.
1128 784 1190 821 eui
1214 785 1250 821 si
1273 782 1452 830 dactylici
1472 782 1624 829 yeneris

64 846 309 893 subiungitur
334 845 431 883 alter
455 838 558 898 (scil.
583 838 672 896 pes)
699 856 723 882 a
744 845 907 892 yeminis
933 837 1037 897 (scil.
1063 835 1392 895 consonantibus)
1418 843 1536 885 ortus,
1562 841 1625 878 cui

65 904 115 942 sit
139 915 283 952 quoque
308 905 418 942 tertia
438 899 542 956 (scil.
562 903 709 953 littera,
728 902 753 941 i.
773 916 806 941 e.
823 902 955 953 prima
971 895 1143 954 vocalis)
1161 902 1286 950 lonya,
1316 902 1428 939 1139
1447 901 1625 948 primum

67 963 226 1002 decurre
237 963 430 1011 Maronis,
453 962 565 1000 1173
585 963 749 1000 seeundo
768 957 906 1014 (loco),
930 963 1040 1001 1209
1062 962 1206 1000 vocalis
1224 961 1372 999 mediae
1390 953 1623 1013 (syllabae),

70 1022 182 1065 1214
219 1022 362 1060 vocalis
389 1023 546 1070 primae
582 1017 819 1073 (syllabae),
860 1022 972 1060 1215
1004 1022 1230 1068 veniensque
1262 1014 1475 1073 (syllaba),
1509 1018 1622 1056 1216

59 1082 326 1129 praepositam
350 1081 483 1129 lonyae
507 1074 686 1134 (vocali),
715 1081 827 1118 1219
859 1081 895 1118 εἰ
917 1081 1039 1128 fuerit
1055 1082 1231 1128 correpta
1248 1090 1407 1127 sequens
1426 1071 1624 1131 (syllaba)

66 1143 100 1178 et
123 1141 236 1179 tertia
260 1134 452 1193 (syllaba)
479 1140 569 1179 talis
592 1140 787 1188 iunqenda
813 1142 885 1183 est,
915 1140 1024 1178 1261
1060 1140 1174 1187 siqua
1195 1140 1310 1186 prior
1340 1149 1408 1176 seu
1430 1138 1625 1185 posterior

57 1193 263 1253 (syllaba)
283 1202 458 1248 correpta
475 1199 636 1243 locatur,
665 1199 777 1238 1263
790 1200 906 1246 prior
926 1192 1133 1252 (syllaba),
1162 1198 1275 1236 1264
1294 1198 1410 1245 prior
1429 1191 1624 1247 (syllaba)

65 1258 125 1296 hic
149 1259 274 1297 brevis
293 1261 347 1297 est
363 1258 403 1296 R
410 1271 453 1302 a,
476 1259 588 1297 1268
608 1270 685 1306 pro
701 1259 864 1306 yeminis
883 1251 1104 1311 (consonis)
1124 1258 1312 1305 duplicem
1331 1249 1488 1310 (cons),
1510 1256 1621 1294 1365

66 1314 268 1366 δίβραχυν
293 1318 422 1356 dixere
442 1317 595 1361 Graeci,
614 1318 714 1365 quod
731 1318 782 1356 sit
799 1318 985 1356 ambabus
1006 1318 1142 1360 brevis,
1171 1317 1282 1355 1503
1305 1318 1345 1354 at
1363 1317 1429 1363 qui
1448 1315 1624 1354 brevibus

59 1378 296 1425 praeposit-is
320 1377 454 1415 deinde
478 1377 612 1424 lonyas
636 1378 836 1424 acceperit,
865 1377 978 1415 1514
992 1388 1047 1426 sq.
1066 1376 1186 1424 pedes
1206 1376 1356 1424 ,cernelli
1379 1377 1516 1423 uryent
1539 1375 1621 1412 bre-

65 1436 176 1474 vibus
213 1438 265 1474 tot
298 1447 457 1474 numero
493 1436 662 1484 iuyando
699 1436 850 1483 lonyas,
891 1436 1003 1474 1517
1042 1436 1292 1483 anapaestica
1323 1428 1490 1485 (metra)
1522 1434 1624 1480 fiunt

65 1495 196 1533 itidem
225 1506 301 1543 per
338 1491 590 1544 ευνάφειαν,
631 1495 742 1534 1566
759 1506 815 1544 sq.
854 1490 972 1543 ἄρειν
1004 1496 1174 1542 quotiens
1203 1495 1245 1532 in
1271 1495 1436 1542 yemints
1466 1490 1625 1531 Oe‘clvvc

71 1565 241 1603 quaeres,
261 1551 665 1602 προκελευεματικόε
691 1555 783 1592 bina
807 1555 924 1598 dabit,
949 1553 1107 1601 sequens
1131 1556 1331 1601 quaterna,
1359 1553 1472 1591 1612
1494 1563 1539 1590 ecc
1559 1563 1623 1600 yc-

66 1614 183 1651 minis
213 1607 439 1666 (syllabis),
481 1613 591 1651 1652
631 1614 790 1651 creticus
825 1614 868 1651 in
896 1614 1038 1652 nostris
1068 1614 1103 1651 st
1134 1613 1232 1651 levia
1263 1613 1438 1650 carmina
1465 1622 1626 1659 panyas

67 1683 161 1710 raro
179 1672 382 1716 invenitur,
412 1673 522 1711 1669
543 1672 715 1711 heroicus
733 1673 868 1715 omnis,
891 1673 1003 1710 1713
1024 1672 1114 1710 inde
1133 1673 1232 1710 duas
1251 1672 1386 1719 lonqas
1397 1682 1471 1719 pes
1491 1671 1624 1708 tertius

68 1731 185 1778 efficit
208 1732 364 1779 inyra,
399 1732 511 1769 1724
535 1734 671 1779 partes
700 1731 822 1775 heroi,
857 1732 970 1770 1760
1000 1732 1089 1769 inde
1120 1732 1220 1770 duas
1242 1733 1470 1779 promptum
1494 1732 1549 1767 est
1570 1730 1626 1767 sic

67 1800 264 1828 remanere
288 1790 429 1834 breves,
457 1790 570 1829 1778
596 1790 747 1828 cludere
770 1802 917 1829 comma
934 1792 1052 1839 prius
1075 1802 1153 1828 non
1178 1791 1335 1828 timuere
1360 1791 1475 1833 brevi,
1511 1789 1622 1827 1857

68 1851 111 1886 ut
135 1850 188 1887 est
211 1850 480 1897 anapaesticus
503 1850 588 1893 iste,
622 1850 733 1888 1867
767 1850 918 1898 syllaba
949 1850 1080 1898 lonya,
1111 1851 1191 1888 sive
1216 1852 1269 1888 est
1298 1851 1464 1892 natura,
1489 1860 1556 1887 seu
1579 1849 1627 1895 fit

69 1908 117 1954 ab
148 1908 350 1956 adpositis,
379 1909 491 1947 1868
516 1909 589 1956 fiat
611 1909 855 1956 paenultima
880 1909 1010 1957 lonqa,
1040 1910 1154 1947 1870
1171 1908 1325 1956 produc
1341 1919 1469 1955 paene
1492 1919 1625 1954 supre-

66 1978 184 2011 mam,
205 1968 315 2007 1881
338 1967 547 2015 deprensus
564 1969 606 2006 in
623 1969 699 2006 imo
719 1970 784 2012 est,
806 1968 918 2007 1953
938 1969 1073 2016 prima
1092 1969 1291 2016 sequentis,
1319 1965 1452 2016 [2056
1475 1967 1626 2014 apelas-

68 2037 180 2064 sonos
209 2038 282 2077 per
312 2026 558 2076 hypostasim
591 2026 887 2066 substantivum
917 2025 1002 2076 fit],
1042 2028 1152 2066 2181
1190 2030 1275 2065 orta
1310 2027 1469 2070 iambis,
1510 2026 1623 2063 2198

61 2097 194 2132 parva
217 2085 387 2134 lonyam,
414 2086 528 2124 2230
553 2087 716 2124 secundo
742 2089 775 2124 et
799 2086 940 2124 talibus
966 2081 1118 2139 (locis),
1151 2087 1263 2124 2247
1291 2086 1481 2129 heroicus,
1509 2086 1625 2124 2250

69 2144 261 2192 dactylum
286 2147 354 2183 aut
379 2146 614 2183 contrarium
638 2139 832 2198 (pedem),
860 2146 972 2185 2875
1001 2146 1260 2184 catalecticum
1284 2156 1518 2193 supremam,
1545 2144 1626 2182 alia

67 2202 204 2241 multa.

187 2261 365 2302 Alterius
398 2265 530 2301 autem
563 2262 720 2312 generis
752 2262 912 2313 plurimi
944 2265 1038 2302 sunt
1066 2263 1300 2302 nominativi
1331 2266 1373 2301 et
1404 2263 1624 2302 accusativi

70 2320 237 2370 pluralis
261 2325 492 2360 neutrorum
528 2326 590 2361 ut:
630 2323 681 2360 61
711 2334 870 2370 aspera,
904 2324 956 2362 69
983 2324 1195 2367 recondita,
1231 2324 1286 2362 82
1312 2323 1512 2366 sublimia,
1540 2324 1624 2361 228

69 2379 173 2418 hirta
194 2378 332 2425 Graia,
359 2381 442 2420 325
468 2392 565 2424 mea,
593 2381 676 2420 326
698 2382 904 2430 culpanda,
931 2382 1016 2421 338
1038 2381 1202 2426 Graeca,
1229 2383 1312 2421 345
1333 2382 1456 2420 mulla
1480 2385 1625 2425 nostra,

75 2438 184 2478 1062
198 2450 330 2486 prava
348 2440 407 2477 vel
423 2443 539 2483 recta,
568 2441 680 2479 1510
698 2441 831 2484 multa,
861 2442 972 2479 1603
993 2442 1180 2488 plur-ima,
1210 2442 1323 2480 1604
1342 2452 1488 2489 pauca,
1511 2442 1622 2479 1647

71 2500 168 2542 acta,
192 2499 302 2536 1869
324 2501 458 2542 cetera,
479 2499 593 2538 2130
613 2499 742 2538 dulcia
752 2501 910 2548 panyis,
932 2501 1043 2538 2227
1066 2501 1204 2544 divisa,
1226 2502 1340 2539 2740
1360 2502 1441 2539 iam
1460 2503 1626 2539 tractata

70 2559 245 2600 retexere,
272 2557 385 2596 2803
413 2560 546 2596 cetera.
596 2557 768 2596 Casuum
794 2561 927 2597 autem
961 2559 1206 2608 reliquorum
1237 2560 1308 2598 hos
1343 2561 1502 2598 tantum
1527 2559 1626 2597 mihi

70 2615 275 2654 adnotavi:
310 2617 364 2655 68
389 2628 437 2654 ne
463 2619 634 2654 contenta
659 2618 708 2655 sit
732 2618 870 2661 obviis,
897 2619 980 2656 326
1008 2620 1101 2666 quin
1124 2620 1253 2658 statim
1278 2619 1474 2666 culpanda
1499 2619 1626 2658 delens

63 2675 274 2723 praebeam
291 2677 403 2714 rectis
422 2676 555 2719 locum,
569 2676 650 2714 351
668 2687 784 2724 quam
797 2676 918 2716 multa
936 2680 1070 2716 nostra
1086 2677 1246 2718 Graecis
1264 2690 1342 2716 non
1361 2678 1624 2726 respondeant.

191 2801 226 2842 1)
248 2798 383 2836 Itidem
403 2799 505 2836 Hirt:
534 2798 618 2835 ‘Die
640 2798 993 2846 substantivierung
1010 2801 1077 2837 der
1095 2801 1298 2848 Adjektiva
1316 2802 1379 2838 bei
1400 2801 1621 2846 Quintilian'

72 2844 145 2881 duo
169 2846 302 2883 talium
327 2846 645 2883 substantivorum
675 2857 815 2892 genera
839 2848 1025 2884 discernit.
1076 2849 1149 2885 Sed
1183 2861 1247 2895 per
1278 2850 1421 2896 species
1453 2851 1625 2896 exempla

71 2892 266 2976 ggsgggete
290 2894 360 2931 hoc
385 2894 468 2930 loco
493 2906 566 2930 nou
593 2905 687 2940 opus
706 2896 774 2930 est.
810 2895 976 2931 Conferri
995 2898 1121 2941 potest
1140 2896 1202 2933 Iw.
1223 2896 1380 2933 Mueller
1402 2897 1453 2932 11²
1470 2909 1533 2944 pp.
1554 2901 1622 2934 536
