1878 3242
286 175 370 216 304
710 195 712 197 ·
944 177 986 210 A.
1012 175 1160 211 Werth=

401 284 482 322 Nec
505 295 582 322 non
603 283 806 322 collocatio
826 283 1033 322 verborum
1053 296 1268 323 sermonem
1287 284 1541 324 cottidianum
1561 287 1674 338 sapit.
1706 288 1807 327 Nam

283 356 369 381 cum
401 342 568 380 aliorum
593 341 802 379 verborum
833 343 916 380 tum
948 342 1231 391 particularum
1261 342 1462 382 collocatio
1491 345 1605 384 valde
1635 345 1805 385 insolens

284 413 398 450 saepe
424 403 464 439 et
489 399 651 437 mirifica
676 401 753 447 est,
785 401 902 450 atque
933 400 1029 438 adeo
1064 403 1109 438 ut
1134 399 1360 439 Lachmann
1383 400 1424 439 id
1447 400 1641 442 inferioris
1665 404 1807 443 aetatis

283 460 468 497 indicium
494 470 579 496 esse
604 451 802 506 professus
840 457 902 496 sit.
952 457 1062 503 Quod
1093 458 1303 497 concedere
1332 471 1491 508 nequeo.
1538 460 1675 512 Neque
1705 462 1806 501 enim

284 520 426 555 natura
462 529 592 554 rerum
629 517 670 553 et
705 515 929 566 linguarum
970 528 1180 565 progressu
1217 516 1302 554 fieri
1338 517 1454 565 solet,
1493 519 1537 556 ut
1572 519 1804 568 posteriores

286 576 494 624 scriptores
518 574 558 612 in
585 575 656 611 hac
681 586 723 611 re
747 574 909 612 liberius
929 586 970 611 se
995 576 1146 624 gerant.
1189 573 1264 612 Sed
1289 574 1444 613 omnino
1469 575 1510 613 in
1534 587 1708 615 sermone
1727 579 1807 617 cot-

283 634 432 671 tidiano
470 635 509 670 et
545 632 700 681 vulgari
737 631 916 674 omnibus
953 631 1196 681 temporibus
1239 632 1358 671 verba
1399 633 1523 672 multo
1565 634 1725 673 liberius
1767 638 1808 674 et

284 691 452 729 solutius
478 702 593 740 quam
620 690 739 739 vulgo
765 689 996 728 credebatur
1019 690 1149 739 posita
1179 693 1283 728 sunt.
1332 689 1452 729 Velut
1476 691 1682 731 discrimen
1705 692 1807 743 quod

282 749 385 787 inter
404 749 627 786 Vitruvium
655 750 694 786 et
719 748 804 786 eius
829 748 1011 797 aequales
1036 748 1108 786 hoc
1132 749 1286 786 nomine
1310 749 1527 788 intercedat
1555 750 1739 800 exemplis
1757 750 1807 789 ab

282 807 523 846 Eberhardio
549 803 628 852 (De
653 805 752 844 Vitr.
777 819 864 856 gen.
891 806 962 844 dic.
987 808 1089 855 part.
1109 802 1168 858 II)
1204 806 1377 845 collectis
1407 819 1636 856 cognoscere
1668 820 1808 858 operae

283 869 343 903 est
367 860 591 917 pretium1).
629 864 778 902 Deinde
798 877 885 902 cum
906 864 956 902 ad
980 864 1076 903 alias
1102 865 1274 903 rationes
1297 867 1382 903 tum
1401 865 1451 903 ad
1475 866 1575 904 hanc
1594 868 1806 905 metrorum

282 924 494 962 necessitas
518 922 677 960 maximi
700 922 886 960 momenti
912 922 1004 971 fuit3
1029 923 1075 961 cf.
1103 935 1202 972 quae
1226 922 1329 960 infra
1352 922 1394 960 in
1419 935 1580 962 excursu
1605 923 1806 963 disseram.

283 982 445 1021 Accedit
481 981 602 1019 tertia
638 993 756 1019 causa
790 980 1035 1030 gravissima.
1090 980 1193 1018 Nam
1223 992 1339 1029 saepe
1372 980 1558 1020 inusitate
1592 982 1810 1031 particulae

286 1043 503 1089 ponuntur,
540 1038 606 1077 ubi
649 1041 775 1085 metra
815 1038 915 1076 nulli
950 1038 1229 1087 impedimento
1267 1041 1373 1086 sunt,
1418 1041 1457 1077 et
1493 1040 1648 1079 omnino
1684 1040 1807 1090 pluri-

284 1099 356 1137 bus
393 1098 490 1136 locis
521 1099 561 1135 et
589 1097 821 1135 insolentius
853 1108 968 1146 saepe
998 1097 1119 1135 verba
1148 1096 1403 1146 collocantur,
1433 1109 1551 1146 quam
1580 1100 1626 1136 ut
1657 1098 1730 1137 hoc
1761 1110 1808 1136 ex

283 1155 486 1195 cottidiani
510 1155 701 1194 sermonis
725 1167 800 1193 usu
828 1175 876 1180 —
906 1167 1031 1204 neque
1056 1154 1159 1192 enim
1182 1166 1369 1203 umquam
1403 1156 1610 1205 quisquam
1634 1156 1691 1194 ita
1715 1156 1808 1195 scri-

282 1215 374 1252 bere
401 1214 568 1252 debebat
592 1233 647 1240 -—
673 1215 743 1251 aut
772 1226 793 1251 e
824 1214 1038 1251 metrorum
1068 1212 1299 1251 difficultate
1329 1212 1455 1262 repeti
1484 1213 1621 1262 possit.
1668 1213 1808 1263 Itaque

282 1273 354 1311 hoc
383 1285 462 1311 non
495 1271 682 1321 temporis
715 1270 900 1309 indicium
934 1273 1011 1321 est,
1045 1271 1112 1309 sed
1141 1271 1287 1309 laboris
1312 1271 1361 1308 ad
1385 1271 1578 1309 insuetam
1602 1272 1809 1311 verborum

282 1331 516 1380 positionem
541 1330 697 1368 conlati.
740 1329 823 1367 Hac
848 1329 952 1367 enim
976 1341 1030 1378 re,
1055 1329 1089 1367 si
1112 1330 1218 1368 recte
1242 1327 1369 1367 iudico
1392 1330 1471 1367 stili
1493 1330 1619 1368 levare
1641 1331 1809 1368 siccioris

283 1390 448 1427 taedium
473 1382 598 1441 (282)
629 1390 687 1437 et,
717 1400 804 1426 cum
835 1387 884 1425 ab
909 1387 1056 1426 inculto
1087 1399 1264 1425 sermone
1289 1399 1364 1425 non
1394 1387 1574 1426 recedere
1599 1387 1809 1438 videretur,

282 1451 415 1486 tamen
445 1446 639 1496 poeticum
665 1445 860 1495 quendam
885 1447 924 1483 et
948 1445 998 1483 ab
1023 1445 1198 1484 oratione
1222 1445 1414 1483 communi
1440 1445 1724 1495 discrepantem
1748 1458 1811 1484 co-

282 1506 404 1544 lorem
430 1505 613 1543 inducere
639 1504 809 1553 studuit,
833 1515 949 1552 quem
974 1503 1123 1542 sonoris
1155 1503 1356 1542 rhetorum
1386 1503 1515 1542 verbis
1546 1506 1617 1542 aut
1647 1503 1810 1553 poeticis

283 1563 518 1602 dictionibus
549 1565 691 1600 natura
722 1562 945 1611 argumenti
974 1574 1044 1600 nec
1080 1564 1236 1610 poterat
1268 1573 1491 1611 comparare
1527 1573 1597 1600 nec
1629 1559 1809 1600 debebat.

281 1622 420 1671 Itaque
446 1634 535 1659 cum
560 1621 734 1659 studium
758 1620 1030 1670 neglegentiae
1054 1620 1223 1667 accedat,
1244 1620 1323 1658 iam
1342 1619 1468 1658 altera
1486 1619 1632 1658 saeculi
1650 1619 1809 1659 secundi

281 1683 394 1729 parte
425 1680 546 1719 verba
580 1691 658 1718 non
694 1679 822 1717 minus
853 1691 970 1727 quam
1000 1678 1117 1716 tertio
1148 1678 1301 1716 saeculo
1332 1680 1415 1716 tam
1447 1678 1601 1716 insuete
1625 1677 1810 1717 collocari

282 1739 456 1787 potuisse
482 1737 639 1776 interim
664 1736 952 1775 concedendum
976 1738 1047 1775 est.

400 1796 477 1834 Sed
501 1797 596 1834 haec
620 1808 721 1845 quae
746 1795 794 1833 de
818 1794 1037 1833 elocutione
1056 1794 1281 1833 Terentiani
1305 1793 1384 1832 dixi
1409 1794 1459 1833 ad
1483 1794 1686 1843 sequentia
1705 1796 1811 1833 recte

282 1855 525 1893 aestimanda
544 1854 722 1892 sufficere
740 1855 847 1902 puto.
866 1851 1004 1902 Itaque
1023 1853 1242 1891 accuratius
1261 1864 1308 1890 ea
1321 1864 1512 1901 exponere
1533 1854 1604 1890 aut
1622 1852 1810 1901 exemplis

282 1914 493 1951 inlustrare
517 1923 619 1950 nunc
642 1924 720 1950 non
745 1911 786 1948 in
810 1910 939 1948 animo
965 1913 1042 1959 est,
1073 1910 1141 1949 sed
1171 1910 1307 1948 statim
1337 1910 1387 1948 ad
1417 1910 1566 1959 copiam
1602 1911 1809 1949 verborum

284 1974 324 2008 et
357 1971 406 2008 ad
441 1970 634 2019 syntaxim
666 1969 859 2015 transibo,
890 1970 1099 2017 postquam
1129 1969 1261 2017 paucis
1292 1980 1588 2018 praemonuero,
1617 1971 1809 2018 quatenus

284 2029 544 2066 Terentianus
570 2028 706 2066 metris
731 2027 942 2076 impeditus
967 2028 1029 2065 sit.

938 2254 1160 2298 Excursus.

526 2342 679 2381 Meti-a
709 2342 998 2380 Terentiano
1029 2340 1367 2391 impedimento
1398 2339 1564 2378 fuisse.

401 2436 593 2476 Carminis
620 2435 802 2474 didactici
826 2435 929 2474 ratio
954 2447 1116 2484 prorsus
1140 2435 1219 2472 alia
1244 2437 1305 2472 est
1334 2446 1380 2472 ac
1410 2433 1538 2472 melici
1563 2432 1625 2471 vel
1649 2431 1806 2486 heroici.

283 2496 343 2534 Ibi
369 2496 469 2534 enim
498 2508 586 2533 cum
612 2495 759 2532 liberae
785 2496 825 2532 et
848 2494 984 2532 metris
1010 2493 1135 2543 magis
1161 2492 1317 2530 adiutae
1343 2504 1460 2542 quam
1491 2490 1701 2540 impeditae
1725 2502 1812 2528 sen-

285 2554 431 2592 tentiae
463 2553 767 2603 progrediantur
798 2555 838 2590 et
870 2551 992 2590 verba
1021 2551 1174 2600 poetica
1204 2550 1469 2597 effundantur,
1500 2549 1542 2587 in
1572 2548 1715 2587 artium
1747 2559 1808 2586 ex-

283 2612 501 2661 plicatione,
522 2611 757 2660 praesertim
781 2612 914 2648 autem
939 2610 978 2647 iu
1004 2612 1087 2648 tam
1110 2609 1243 2647 ieiuna
1259 2608 1424 2647 materia
1447 2618 1563 2657 quam
1581 2608 1643 2645 est
1666 2607 1808 2644 metro·

285 2683 372 2707 rum
397 2669 595 2719 tractatio,
615 2681 743 2707 sermo
767 2681 844 2707 non
869 2667 991 2706 libere
1017 2667 1175 2717 evagari
1199 2679 1270 2705 nec
1293 2667 1416 2705 verba
1437 2664 1572 2703 metris
1597 2665 1691 2714 apta
1714 2662 1807 2712 eligi

287 2732 462 2778 possunt,
483 2727 551 2766 sed
571 2740 666 2778 quas
687 2726 901 2765 sententias
920 2738 983 2764 res
1003 2725 1250 2775 exponendae
1269 2724 1460 2774 flagitant,
1470 2726 1652 2762 accurate
1670 2720 1807 2759 metris

285 2787 556 2835 exprimendae
581 2788 683 2825 sunt.

402 2909 435 2951 1>
461 2907 512 2943 Cf.
539 2907 650 2943 etiam
678 2907 852 2943 Dziatzko
878 2907 925 2942 ad
948 2905 1028 2942 Ter.
1053 2906 1197 2942 Phorm.
1217 2909 1283 2941 261
1310 2905 1348 2941 et
1370 2904 1408 2939 in
1432 2901 1550 2949 suppl.
1576 2900 1656 2938 crit.
