1878 3242
283 125 370 168 376
947 126 988 161 A.
1010 126 1148 162 Werth.

403 238 587 286 Singulas
612 237 825 286 particulas
847 238 1114 287 congessimus
1133 237 1397 288 disposuimus
1416 240 1725 289 comparavimus
1744 253 1815 280 nee
1872 239 1878 274 ’ἶ

285 298 395 335 nulla
419 296 614 334 invenisse
639 296 752 334 nobis
777 295 968 345 videmur,
993 296 1135 346 quibus
1162 296 1442 335 Terentianum
1468 298 1622 337 saeculo
1647 299 1816 339 secundo
1871 300 1878 326 ’Ἴ

286 355 405 393 fuisse
431 354 630 403 probetur.
678 354 762 392 Iam
787 367 874 393 cum
899 355 1140 404 quaerimus,
1175 355 1330 405 qualem
1354 355 1536 395 universe
1561 356 1816 397 Terentianus
1875 383 1878 392 2

288 414 327 451 in
369 412 650 461 particularum
694 425 768 451 usu
805 425 847 452 se
883 413 1068 463 gesserit,
1112 425 1351 463 quamquam
1388 414 1591 453 cottidiani
1628 416 1818 456 sermonis
1876 459 1878 463 ¹

288 471 538 522 neglegentia
550 482 643 509 usus
656 471 860 520 particulis
873 483 972 521 quae
987 471 1211 510 sufficerent
1224 484 1464 521 supervacua
1474 472 1669 512 interdum
1681 486 1817 524 super-

288 529 441 579 adiecit,
465 532 598 568 tamen
621 529 731 568 nullo
756 529 869 569 modo
894 530 1077 568 audacior
1094 530 1291 569 Frontone
1310 533 1430 570 estet
1447 531 1496 569 ab
1516 531 1684 581 Apuleio
1702 533 1818 583 longe

288 589 506 637 superatur.
551 587 663 633 Quod
688 588 780 637 quid
805 587 855 627 ad
878 589 1054 627 nostram
1080 589 1347 638 quaestionem
1366 590 1496 629 valeat
1514 603 1591 630 non
1610 591 1817 630 obscurum
1875 594 1878 598 ⁴

287 649 359 686 est.
408 647 647 685 Lachmanni
672 646 776 684 enim
801 647 985 686 iudicium
1010 647 1238 696 neutiquam
1262 647 1463 699 probatur.

932 847 1182 884 conclusio.

405 927 487 965 Iam
514 939 562 965 ne
589 927 745 976 singula
768 939 839 976 per
862 929 990 966 totum
1015 927 1192 966 libellum
1218 927 1395 976 dispersa
1418 930 1654 978 repetamus,
1679 929 1824 968 brevis·

291 986 387 1024 sime
413 985 500 1024 finis
526 979 806 1034 disputationis
833 985 1032 1024 faciendus
1058 988 1128 1024 est.

407 1044 666 1082 Terentianus
695 1043 836 1092 igitur,
866 1043 960 1082 licet
988 1056 1113 1092 pauca
1137 1044 1327 1083 vocabula
1356 1045 1426 1082 aut
1451 1045 1557 1083 solus
1582 1047 1651 1083 aut
1674 1046 1823 1095 primus

290 1103 489 1152 praebeat,
515 1102 608 1141 licet
632 1102 748 1151 plura
771 1102 960 1141 inusitato
979 1102 1020 1139 in
1040 1102 1262 1151 significatu
1281 1103 1477 1152 adhibeat,
1501 1103 1594 1142 licet
1611 1104 1824 1143 insolenter

291 1161 487 1199 interdum
512 1161 633 1198 verba
662 1162 883 1209 construat,
914 1160 1006 1199 licet
1030 1161 1239 1199 verborum
1273 1161 1526 1210 collocatione
1550 1162 1735 1200 notabilis
1761 1162 1823 1212 sit,

291 1222 424 1258 tamen
461 1219 604 1268 quibus
641 1219 809 1257 licentiis
843 1219 1109 1257 Tertullianus
1141 1219 1376 1258 Frontonem
1409 1219 1581 1258 Gellium
1612 1220 1823 1270 Apuleium

292 1279 468 1326 superat,
506 1290 584 1315 non
618 1277 754 1316 utitur.
802 1276 857 1315 Ut
882 1277 1151 1315 Tertullianus
1185 1289 1272 1316 cum
1306 1278 1345 1315 in
1380 1277 1468 1316 aliis
1501 1278 1635 1326 rebus,
1669 1281 1754 1317 tum
1784 1278 1825 1317 in

292 1335 625 1386 praepositionum
662 1347 735 1372 usu
772 1336 899 1373 multa
934 1337 1092 1384 praeter
1125 1348 1171 1374 ea
1201 1348 1302 1385 quae
1333 1348 1452 1385 supra
1484 1336 1630 1386 passim
1661 1349 1824 1376 comme-

292 1395 443 1433 moravi
474 1394 653 1443 praebet,
685 1406 849 1443 quorum
881 1394 984 1443 apud
1009 1394 1288 1432 Terentianum
1313 1407 1382 1432 nec
1406 1395 1497 1433 vola
1519 1407 1591 1433 nec
1615 1395 1825 1444 vestigium

293 1455 469 1503 apparet.
517 1452 657 1501 Itaque
687 1464 764 1490 non
788 1452 922 1501 paucis
948 1453 1059 1491 annis
1084 1454 1175 1491 ante
1201 1453 1489 1492 Tertullianum
1513 1453 1634 1492 fuisse
1657 1453 1824 1493 videtur.

293 1512 404 1557 Quod
430 1511 577 1560 optime
603 1513 644 1549 et
668 1523 755 1548 cum
774 1511 823 1549 iis
844 1511 1038 1561 congruit,
1063 1523 1163 1560 quae
1183 1511 1231 1549 de
1249 1510 1433 1550 ICtorum
1452 1523 1526 1550 usu
1543 1511 1824 1561 particularum

293 1570 411 1608 attuli
446 1571 486 1608 et
519 1581 606 1607 cum
643 1569 880 1607 testimoniis
915 1571 960 1607 ut
993 1569 1051 1608 ita
1081 1569 1207 1608 dicam
1239 1570 1436 1609 historicis
1462 1572 1502 1609 et
1526 1582 1614 1609 cum
1638 1582 1826 1620 sermone,

293 1629 361 1678 qui
391 1628 558 1666 maxime
583 1627 790 1666 Frontonis
817 1627 935 1666 Gellii
959 1627 1103 1677 Apulei
1133 1630 1312 1677 tempora
1343 1629 1456 1678 sapit.
1505 1628 1590 1668 Hoc
1625 1630 1756 1668 autem
1781 1641 1826 1668 eo

292 1687 452 1726 maioris
485 1686 674 1725 momenti
705 1688 782 1735 est,
819 1699 895 1735 quo
927 1687 1054 1735 magis
1080 1686 1340 1726 Terentianus
1371 1689 1417 1725 ut
1447 1687 1570 1736 ipsius
1602 1687 1826 1726 testimonio

293 1741 373 1798 (vv.
397 1746 478 1783 294
494 1740 594 1796 sqq.)
619 1746 787 1794 constat,
812 1757 1028 1783 sermonem
1054 1745 1311 1783 cottidianum
1337 1745 1524 1796 sequitur,
1548 1746 1588 1784 in
1613 1758 1691 1796 quo
1709 1745 1825 1785 licen-

293 1804 372 1842 tiae
407 1805 544 1852 postea
580 1803 805 1852 divulgatae
840 1803 963 1841 multo
996 1803 1104 1851 prius
1139 1815 1256 1852 quam
1290 1803 1330 1841 in
1355 1815 1532 1842 sermone
1557 1804 1711 1843 exculto
1737 1816 1825 1843 con-

295 1861 524 1911 spiciuntur.
575 1860 723 1898 Tamen
746 1860 942 1899 Frontone
973 1861 1099 1899 maior
1128 1863 1224 1898 natu
1254 1873 1341 1899 esse
1371 1874 1448 1900 non
1479 1864 1628 1912 potest,
1660 1861 1700 1900 id
1724 1863 1825 1911 quod

295 1932 384 1958 cum
418 1919 504 1957 aliis
539 1918 655 1956 rebus
680 1939 728 1944 —
752 1920 796 1956 ut
831 1920 916 1956 arte
950 1918 1113 1956 metrica
1132 1939 1186 1944 —-
1207 1920 1288 1956 tum
1319 1920 1393 1957 hac
1417 1931 1460 1957 re
1483 1919 1689 1969 probatur,
1721 1920 1825 1970 quod

294 1977 503 2016 Frontonis
530 1976 661 2015 studia
684 1976 932 2025 antiquitatis
959 1977 1136 2026 quamvis
1163 1976 1310 2015 modice
1334 1977 1523 2016 imitatur.
1566 1978 1622 2016 At
1640 1978 1689 2016 ad
1709 1977 1826 2016 Gellii

299 2039 339 2074 et
364 2035 508 2084 Apulei
539 2035 741 2084 aequalem
774 2034 903 2072 omnia
927 2034 1132 2084 quadrant.
1179 2034 1281 2073 Nam
1305 2047 1433 2086 neque
1457 2048 1546 2074 cum
1571 2035 1619 2074 iis
1643 2035 1738 2074 facit
1760 2035 1828 2085 qui

296 2094 419 2133 verba
437 2093 553 2132 nimis
573 2093 702 2142 prisca
722 2113 775 2119 -—
795 2094 842 2131 ut
859 2092 1009 2131 Gellius
1026 2113 1075 2120 —-
1093 2093 1342 2143 frequentent
1359 2088 1427 2146 (cf.
1440 2107 1475 2133 v.
1491 2089 1576 2145 75),
1594 2087 1720 2143 neque
1739 2106 1827 2133 cum

296 2153 345 2191 iis
378 2153 445 2203 qui
472 2151 601 2190 omnia
625 2152 827 2190 rhetorum
853 2151 1087 2190 dictionibus
1112 2152 1235 2201 tropis
1262 2151 1470 2190 schematis
1496 2151 1718 2191 exornanda
1742 2164 1828 2191 esse

297 2211 519 2250 existiment
556 2206 627 2261 (cf.
654 2211 734 2248 301
753 2205 866 2262 sqq).
926 2210 1066 2261 Itaque
1104 2222 1190 2248 cum
1225 2206 1402 2249 ‘laudem
1436 2210 1485 2248 ab
1519 2210 1666 2249 incultu
1702 2206 1826 2249 ferre’

298 2269 471 2317 studeat,
503 2268 551 2306 iis
584 2268 843 2318 temporibus,
874 2268 1014 2318 quibus
1048 2269 1249 2307 rhetorum
1275 2268 1405 2307 studia
1430 2268 1604 2308 omnium
1628 2268 1827 2307 hominum

299 2331 340 2366 et
375 2328 592 2366 alienorum
633 2329 673 2365 et
709 2327 927 2365 faventium
964 2327 1114 2369 animos
1153 2329 1388 2376 occuparent
1428 2327 1631 2377 scripsisse
1663 2326 1829 2366 videtur.

300 2387 430 2435 Atque
461 2399 550 2424 cum
580 2398 694 2424 nemo
725 2386 871 2425 maiore
902 2388 986 2424 tum
1018 2386 1150 2424 favore
1174 2385 1351 2424 floruerit
1374 2397 1490 2435 quam
1515 2384 1725 2435 Apuleius,
1755 2385 1828 2424 for-

302 2448 407 2483 tasse
431 2445 471 2482 in
496 2445 599 2483 hunc
622 2444 751 2493 ipsum
777 2447 847 2482 aut
871 2444 955 2482 eius
981 2444 1164 2493 aequales
1187 2444 1257 2483 illa
1281 2443 1402 2483 verba
1425 2443 1533 2483 dixit.

415 2503 523 2552 Ergo
558 2506 603 2541 ut
636 2505 783 2541 certam
815 2504 986 2541 aetatem
1010 2503 1271 2551 nominemus,
1306 2515 1384 2552 qua
1409 2502 1685 2542 Terentianum
1710 2501 1830 2540 fuisse

300 2562 499 2610 probabile
521 2561 583 2610 sit,
608 2561 753 2599 librum
772 2561 997 2612 secundum,
1021 2560 1061 2599 in
1081 2574 1156 2611 quo
1175 2561 1245 2599 illa
1263 2561 1382 2599 verba
1399 2561 1598 2611 leguntur,
1622 2560 1695 2599 sub
1712 2559 1827 2598 finem

300 2620 421 2658 Marci
440 2620 592 2658 Aurelii
612 2619 851 2668 Philosophi,
877 2619 1038 2658 tertium
1057 2619 1168 2658 initio
1187 2619 1341 2669 imperii
1360 2619 1531 2658 eiusdem
1551 2617 1829 2658 Terentianum

302 2678 522 2728 scripsisse,
548 2680 683 2716 natum
710 2690 795 2717 esse
821 2678 894 2716 sub
920 2677 1120 2716 Hadriano
1145 2678 1379 2727 imperatore
1405 2679 1632 2717 statuamus.
