1942 3262
474 150 528 186 De
555 147 773 186 Terentiani
798 157 964 184 sermone
990 146 1029 182 et
1054 146 1189 182 aetate.
1526 141 1612 183 303

53 269 93 308 et
116 267 157 306 in
181 266 283 306 libro
308 263 494 315 secundo,
519 274 636 313 quem
662 262 766 309 senio
791 259 992 300 confectus
1018 257 1251 309 composuit,
1275 257 1390 295 haec:

211 362 296 401 294
333 371 456 400 sermo
480 360 515 398 si
531 358 683 407 planus
700 356 871 406 pedestri
894 367 934 395 se
958 357 1055 394 tenet
1077 355 1279 398 modestia,

213 421 294 460 295
334 418 559 468 disputandi
583 429 693 466 quem
717 419 882 455 tenorem
906 415 1088 454 doctiores
1113 415 1322 462 imperant,

334 479 452 518 verba
475 478 510 517 si
533 489 610 516 non
635 477 804 525 appetita
827 486 895 513 nec
919 477 1064 513 remota
1082 474 1285 522 plurimis,

335 540 402 578 sed
425 539 506 586 fere
530 537 741 576 communis
763 547 859 574 usus
884 537 918 573 et
941 537 1068 572 tamen
1091 545 1170 572 non
1193 533 1305 571 obvia

337 598 521 637 carminis
544 598 701 635 servant
723 595 920 638 honorem,
945 605 1023 631 non
1046 593 1206 638 iacentis
1231 592 1388 635 cantici,

336 669 408 706 quo
433 656 678 704 supersidens
703 656 848 703 trapeto
872 654 985 702 siqna
1005 653 1115 701 pyris
1139 653 1338 700 temperat,

215 719 301 757 300
339 717 503 765 (sufficit
526 716 648 754 vitare
673 714 776 753 labes
801 716 835 751 et
859 723 990 751 carere
1012 712 1207 756 sordibus,

327 788 405 825 pro
429 778 533 814 statu
555 785 688 812 rerum
712 767 886 824 dolare1)
914 772 1056 810 lineam
1079 771 1194 819 fandi
1210 781 1370 819 parem,

334 836 494 875 liberam
517 834 666 872 scholae
689 833 828 876 nitore,
853 832 954 870 vatis
978 833 1131 869 exutam
1154 830 1269 873 stola,

334 906 432 943 quae
456 897 584 942 tropos
608 903 737 931 omnes
760 892 954 939 relinquat
977 893 1012 928 et
1034 890 1202 938 superba
1225 889 1436 932 schemata,

333 954 531 1003 neqleyens
554 954 599 991 ut
620 953 736 990 semet
758 952 849 999 ipsa
874 950 1028 988 laudem
1053 950 1101 988 ab
1126 949 1274 987 incultu
1298 948 1419 996 ferat)

218 1075 299 1112 311
339 1073 440 1111 hunc
463 1071 618 1110 modum
641 1071 677 1108 si
701 1069 920 1118 competenti
936 1068 1100 1116 pertulit
1123 1068 1239 1106 ductu
1263 1067 1392 1110 stilus,

336 1133 416 1171 sive
432 1131 591 1180 proviso
616 1132 743 1168 tenore
767 1128 878 1167 cessit
901 1127 1052 1175 effectus
1077 1127 1204 1171 labor,

339 1192 470 1230 acrius
493 1200 560 1228 vos
575 1190 734 1238 pendite
756 1189 834 1227 ista
853 1215 982 1227 .....

174 1287 283 1326 Haec
309 1288 445 1325 autem
469 1284 626 1334 quando
661 1283 809 1333 scripta
840 1283 919 1321 sint
949 1294 1038 1321 cum
1069 1281 1292 1332 quaeritur,
1323 1280 1423 1318 mihi
1455 1279 1615 1330 quidem

58 1360 107 1387 ea
137 1348 268 1395 aetas,
294 1345 358 1385 cui
383 1344 544 1384 Schultz
571 1343 854 1382 Terentianum
883 1341 1070 1380 attribuit
1094 1340 1304 1391 aptissima
1328 1339 1487 1379 videtur
1518 1351 1616 1378 esse.

55 1406 159 1445 Nam
184 1418 273 1445 cum
297 1405 375 1443 iam
401 1403 531 1442 medio
557 1403 714 1441 saeculo
739 1402 858 1441 tertio
886 1401 1007 1440 etiam
1026 1399 1155 1451 ICtos,
1179 1400 1247 1450 qui
1273 1398 1498 1438 diutissime
1523 1398 1616 1436 sirn-

59 1465 203 1516 plicem
222 1466 263 1504 et
282 1464 475 1504 sinceram
495 1462 714 1501 orationem
734 1461 1066 1508 conservaverint,
1086 1460 1216 1510 magis
1235 1459 1444 1510 magisque
1464 1459 1614 1497 colores

57 1525 274 1563 rhetoricos
304 1516 535 1574 inducer02)
567 1520 791 1570 videamus,
815 1520 1078 1559 Terentianus
1109 1518 1252 1558 melius
1287 1517 1500 1567 iudicavit,
1527 1530 1617 1556 cum

55 1583 162 1623 idem
188 1583 350 1631 sentiat,
376 1582 480 1633 quod
505 1581 655 1619 Fronto
686 1577 749 1619 his
778 1580 908 1620 verbis
933 1573 1192 1631 praecipit3):
1223 1590 1416 1617 summum
1441 1578 1614 1625 eloquen-

56 1644 132 1682 tiae
151 1654 274 1692 9enus
291 1645 345 1681 cst
369 1643 414 1680 de
438 1641 663 1680 sublimibus
687 1641 902 1688 maqnifice,
921 1640 967 1678 de
992 1639 1229 1678 tenuioribus
1251 1638 1458 1686 fruyaliter
1478 1637 1613 1676 dicere.

57 1703 115 1741 Ac
151 1714 241 1741 cum
277 1699 488 1740 Frontonis
526 1699 701 1738 studium
739 1698 990 1750 antiquitatis
1033 1698 1185 1736 modice
1227 1697 1424 1745 imitetur,
1464 1695 1616 1746 Apulei

56 1773 203 1801 novum
245 1761 402 1809 stilum,
438 1759 610 1798 fortasse
653 1758 758 1808 quod
795 1759 928 1797 aetate
969 1758 1051 1796 iam
1092 1758 1303 1806 provectus
1347 1757 1452 1805 erat,
1496 1755 1614 1805 plane

57 1821 292 1870 aspernatus
323 1821 384 1859 est
415 1821 456 1857 et
476 1819 647 1859 ,liberum
677 1818 826 1857 scholae
854 1819 994 1862 nitore,
1025 1816 1050 1855 i.
1071 1829 1103 1855 e.
1129 1817 1351 1866 rhetorum,
1389 1827 1613 1854 sermonem

61 1879 264 1929 appetivit.

175 1938 290 1978 Nam
320 1936 601 1976 Terentiani
639 1948 790 1976 sermo
825 1935 1122 1976 cottidianus
1160 1936 1232 1974 est
1269 1933 1460 1985 poetico
1499 1946 1616 1984 quo-

58 1996 162 2036 dam
180 1998 342 2037 colore
361 1996 609 2035 infucatus
631 1998 678 2035 et
695 1996 951 2046 perpaucis
964 1994 1124 2035 verbis
1139 1994 1352 2034 vetustis
1372 2005 1616 2043 aspersus.

174 2057 335 2096 Etenim
359 2068 460 2106 quae
485 2055 745 2095 inveniuntur
763 2055 952 2094 orationis
978 2054 1156 2103 artificia,
1177 2054 1305 2104 magis
1331 2053 1483 2092 usitata
1504 2055 1618 2091 erant

59 2118 100 2155 et
135 2118 180 2154 ut
215 2115 273 2155 ita
306 2115 433 2154 dicam
464 2115 570 2153 ultro
602 2115 891 2164 profluxerunt,
929 2126 1048 2164 quam
1079 2115 1165 2152 arte
1197 2115 1238 2152 et
1270 2113 1402 2151 studio
1435 2113 1618 2163 quaesita

61 2170 206 2226 sunt4).
244 2174 350 2214 Laxe
370 2174 528 2214 omnino
547 2174 783 2224 plerumque
804 2173 1067 2213 Terentianus
1088 2172 1296 2211 enuntiata
1319 2172 1470 2210 adserit
1488 2184 1617 2221 neque

60 2236 240 2274 veterum
266 2234 533 2273 Romanorum
559 2234 609 2272 ad
636 2233 838 2282 exemplar
862 2232 1070 2283 particulis
1096 2234 1166 2270 aut
1190 2231 1422 2282 pronomine
1447 2230 1617 2269 relativo

62 2305 135 2343 pro
161 2293 471 2333 demonstrativo
496 2292 627 2342 posito
654 2292 872 2331 sententias
893 2292 1097 2330 conectere
1124 2291 1268 2330 studet.
1313 2291 1448 2340 Atque
1468 2291 1556 2328 tota
1577 2290 1619 2328 in

58 2352 267 2391 verborum
293 2354 498 2391 structura
521 2364 585 2390 ars
613 2364 660 2391 ea
691 2351 775 2390 fere
806 2364 849 2389 re
882 2351 1126 2399 continetur,
1160 2352 1207 2388 ut
1237 2349 1306 2388 ubi
1337 2349 1462 2388 verba
1491 2349 1620 2387 libera

60 2423 188 2461 neque
213 2411 333 2450 rebus
358 2410 478 2450 nimis
504 2410 696 2450 adstricta
721 2412 814 2449 sunt
837 2410 933 2448 bina
959 2409 1167 2448 enuntiata
1191 2409 1296 2448 inter
1322 2421 1363 2447 se
1389 2408 1616 2457 coniungat.

63 2469 166 2523 Nam
211 2474 257 2509 ut
301 2469 418 2509 solito
462 2469 699 2520 scriptorum
736 2469 1006 2509 Romanorum
1042 2481 1151 2508 more
1189 2481 1322 2507 rerum
1358 2467 1619 2506 bimembrem

60 2529 398 2568 enumerationem
423 2530 544 2578 amat,
569 2529 629 2567 ita
653 2529 779 2567 oratio
807 2529 843 2567 ei
869 2528 1062 2578 bipartita
1087 2528 1128 2566 in
1153 2527 1305 2566 deliciis
1332 2530 1403 2566 est.

178 2654 216 2700 1)
239 2653 340 2690 Coni.
378 2653 596 2697 Buecheler-3
633 2653 679 2689 cf.
705 2651 780 2689 Cic.
806 2652 853 2688 de
887 2663 938 2689 or.
959 2652 992 2687 II
1018 2656 1038 2695 ξ
1058 2656 1103 2688 54
1140 2663 1253 2699 neque
1287 2653 1486 2698 perpolivit
1523 2652 1621 2689 illud

58 2711 183 2747 uenus,
207 2703 269 2738 sed
294 2729 303 2737 .
330 2730 338 2738 .
365 2729 373 2737 .
402 2728 409 2736 .
435 2702 529 2737 sieut
550 2701 671 2746 potuit
695 2701 844 2736 dolavit.

176 2750 213 2793 2)
239 2749 297 2786 Cf.
321 2748 430 2793 Kalb,
458 2749 500 2785 R.
520 2749 554 2784 J.
578 2747 731 2793 passim,
756 2747 939 2793 imprimis
964 2759 999 2792 p.
1024 2751 1102 2784 132.

179 2796 216 2840 3)
242 2808 278 2842 p.
301 2799 366 2831 127
392 2795 530 2831 Naber.

177 2845 214 2887 4)
236 2842 289 2879 Ut
312 2842 645 2885 adnominationes‚
666 2853 749 2877 cum
769 2842 832 2878 vix
850 2842 889 2877 in
908 2840 1024 2877 ternis
1043 2841 1166 2877 verbis
1186 2842 1435 2886 inveniantur,
1455 2841 1617 2888 plerum-

61 2899 132 2934 que
158 2889 332 2926 fortuitae
358 2891 462 2935 sunt,
488 2893 554 2925 aut
579 2889 700 2935 magis
726 2900 836 2925 sensu
862 2889 1020 2925 ducente
1051 2901 1164 2935 quam
1191 2890 1237 2925 de
1262 2888 1448 2926 industria
1473 2889 1618 2936 positae

62 2937 210 2984 praeter
232 2937 475 2984 prooemium,
500 2937 539 2972 in
564 2947 637 2982 quo
664 2937 811 2983 saepius
836 2936 1088 2973 inveniuntur.
