1878 3242
531 143 586 180 De
611 142 828 189 Terentiffiui
851 154 1020 180 sermone
1046 144 1086 179 et
1109 143 1243 180 aetate.
1579 141 1673 183 369

29 266 31 269 “
103 271 146 298 v.-
161 259 202 297 et
219 270 256 308 p.
270 255 393 308 473],
418 256 520 296 Gell.
543 259 609 309 17,
631 258 698 308 16,
717 259 744 296 4
765 251 848 312 aL).
892 257 953 296 De
972 270 1008 297 v.
1031 258 1115 296 212
1135 257 1235 296 nulli
1254 256 1422 296 dubium
1433 258 1487 294 est
1505 256 1606 304 quod
1623 255 1672 295 cf.

25 334 27 338 ⁴
102 329 224 367 supra
242 330 280 367 p.
301 317 398 356 350.

222 378 385 434 Quippe
410 382 452 421 in
476 384 636 421 tetram.
655 383 780 422 troch.
801 394 957 432 sempor
981 383 1023 420 in
1048 382 1162 421 initio
1188 384 1229 420 et
1248 381 1447 420 enuntiati
1466 384 1507 420 et
1526 393 1666 421 versus

103 442 270 493 legitur:
301 443 407 491 449,
434 442 538 493 517,
565 442 669 493 526,
697 444 799 494 719,
827 443 931 492 744,
958 443 1062 491 844,
1091 442 1223 489 1087,
1255 441 1296 479 in
1329 441 1499 491 dactylis
1524 453 1604 480 non
1628 441 1670 479 in

3 491 29 531 Ῐ
102 501 217 541 initio
242 514 403 552 versus,
430 501 499 541 sed
523 501 652 552 primo
678 502 764 541 loeo
790 501 986 541 enuntiati
1014 503 1141 551 1366,
1167 499 1338 540 secundo
1367 501 1494 540 1646.
1543 500 1670 539 Parti-

104 561 205 612 cipio
232 562 317 601 588
344 560 522 600 additur:
550 564 584 600 et
601 573 773 609 sequens,
790 562 987 611 producta
1005 562 1156 610 quippe,
1183 562 1276 600 bina
1294 563 1467 609 praestet
1486 563 1668 609 tempora.

104 620 163 660 Of.
183 621 253 660 Iw.
272 621 324 660 M.
338 615 398 659 11²
418 621 516 671 467,
536 618 562 670 ξ
579 621 682 660 201:
721 617 868 660 ‘Sohon
886 621 951 660 bei
972 620 1079 671 Sall„
1104 619 1349 662 namenssich
1367 621 1464 659 aber
1486 620 1550 659 bei
1570 620 1669 671 Liv.,

103 679 213 720 Curt.
234 694 270 719 ιι.
290 680 433 720 lustin.
459 680 559 719 wird
594 682 734 730 quippe
767 680 905 730 hiiufig
940 679 1162 731 gebraueht
1193 679 1438 730 vollswndig
1473 692 1669 731 synonym

17 755 23 766 ‚
104 740 178 779 mit
202 741 303 780 enim
327 739 410 779 und
431 752 534 779 zwar
554 740 649 779 bald
668 753 720 779 an
739 742 878 792 erster,
902 740 997 779 bald
1017 752 1069 778 an
1087 739 1249 779 zweiter
1269 738 1393 778 Stella
1413 739 1483 778 des
1503 734 1670 778 Satzes?

222 801 311 849 Quo
331 822 388 838 -—-=
407 809 450 844 ut
475 817 515 844 eo
541 817 631 844 cum
652 806 938 856 comparativo:
966 807 1052 845 390
1069 806 1237 854 planius
1256 817 1329 853 quo
1348 806 1419 853 fiat
1439 806 1554 850 istud,
1581 806 1667 844 574

102 877 176 914 quo
200 867 251 905 sit
276 867 458 915 planius,
497 866 608 905 1729
642 866 874 914 subiunyam
906 866 1135 914 exemplum,
1170 876 1244 913 quo
1267 866 1341 912 fiat
1366 865 1531 913 planius
1554 865 1669 908 istud,

104 926 219 964 2044
251 926 350 965 dabo
379 926 604 970 versiculos,
638 937 711 974 quo
742 926 810 965 tibi
839 937 902 964 res
931 926 1057 974 magis
1080 925 1285 975 probetur,
1321 925 1434 964 2893
1460 936 1571 973 maye
1597 936 1670 972 quo

22 1018 30 1023 ,.
101 997 220 1024 sonus
242 986 412 1025 vibretur
417 999 435 1032 ,-

221 1052 305 1090 sine
340 1063 484 1101 comp.:
522 1051 605 1090 233
642 1062 715 1098 quo
747 1051 873 1089 littera
904 1051 958 1088 ad
988 1062 1104 1089 aures
1134 1050 1281 1094 veniat,
1318 1051 1403 1088 328
1437 1061 1510 1098 quo
1540 1051 1670 1089 statim

103 1112 433 1155 discriminentur,
469 1111 556 1150 580
583 1111 704 1159 plena
736 1122 808 1158 quo
839 1111 917 1149 sint
941 1112 1131 1159 tempora,
1168 1110 1279 1149 1299
1307 1121 1380 1157 quo
1405 1111 1506 1148 vitae
1530 1110 1671 1148 dubius

12 1171 16 1182 ³
101 1171 160 1210 vel
201 1172 257 1210 sic
298 1171 439 1210 vixisse
473 1171 641 1214 viderer,
687 1171 800 1209 1463
839 1181 991 1208 versum
1029 1170 1145 1214 dabo,
1189 1181 1262 1217 quo
1298 1169 1434 1217 reyula
1469 1172 1562 1207 nota
1598 1170 1671 1217 fiat

103 1242 282 1329 omnwa.
296 1289 365 1330 Iw.
379 1289 431 1328 M.
445 1284 504 1327 11²
525 1290 622 1340 530,
643 1287 669 1339 ξ
690 1290 795 1329 309:
820 1285 919 1339 ‘Quo
939 1320 947 1328 .
963 1318 972 1327 .
985 1288 1085 1327 wird
1105 1300 1300 1338 synonym
1320 1288 1394 1326 mit
1412 1291 1457 1327 ut
1474 1288 1514 1327 in
1533 1288 1665 1327 Final-

105 1351 239 1389 satzen
264 1349 384 1388 sehon
410 1361 488 1387 von
511 1348 642 1388 Plaut.
669 1363 706 1387 u.
733 1349 882 1388 Terenz
906 1348 1145 1399 gebraucht,
1177 1348 1283 1386 dann
1307 1360 1385 1387 von
1412 1347 1506 1387 Sall.
1532 1361 1571 1386 u.
1597 1347 1668 1387 Ov.

18 1419 19 1422 ’
103 1409 183 1448 und
215 1406 318 1448 noda
348 1408 402 1446 im
429 1408 496 1458 Sp.
522 1408 565 1447 L.
592 1408 656 1447 bei
682 1408 807 1447 Lucis.
868 1408 944 1446 Mit
972 1408 1303 1457 nachfolgendem
1329 1407 1591 1457 Komparativ
1616 1407 1671 1446 ish

103 1469 167 1508 die
179 1468 470 1508 Konstruktion
479 1468 521 1506 in
532 1468 637 1507 allen
653 1468 869 1507 Zeitaltern
879 1463 1042 1506 fiblich?
1065 1464 1128 1517 [In
1137 1480 1174 1506 v.
1187 1468 1210 1506 2
1218 1468 1239 1505 1
1249 1469 1270 1505 1
1278 1468 1300 1505 7
1313 1469 1448 1506 autem
1460 1467 1670 1506 Dawesius

7 1517 22 1554 Ῐ
103 1530 211 1568 recte
234 1540 308 1578 pro
333 1539 407 1576 quo
431 1528 530 1566 coni.
556 1529 672 1576 quod,
698 1527 747 1566 ef.
769 1525 912 1576 2118]

222 1588 340 1637 Quod
359 1609 415 1624 =
436 1595 529 1642 quia
553 1605 642 1631 cum
667 1593 781 1632 indic.
805 1594 908 1643 380,
934 1594 1039 1642 427,
1065 1593 1163 1644 429,
1190 1586 1288 1641 430,
1315 1593 1414 1642 433,
1442 1593 1540 1638 447,
1568 1594 1669 1643 486,

22 1698 25 1700 ,
106 1655 203 1703 671,
231 1654 326 1702 720,
356 1654 451 1702 721,
480 1654 606 1703 1902,
634 1654 746 1692 2117
775 1648 850 1706 (sio
878 1654 985 1691 recte
1004 1652 1132 1702 Daw.;
1157 1663 1231 1700 quo
1258 1652 1311 1702 M,
1338 1652 1407 1691 sed
1426 1652 1474 1691 of.
1495 1666 1529 1691 v.
1554 1654 1667 1691 2118

104 1707 241 1768 quod),
268 1714 382 1752 2118
408 1713 499 1751 aliis
525 1712 634 1752 locis.

16 1772 24 1800 ³
221 1791 310 1817 cum
337 1778 435 1817 coni.
456 1779 555 1827 527,
574 1777 623 1817 of.
644 1790 763 1828 supra
788 1791 823 1827 p.
846 1778 930 1817 348
952 1790 1041 1816 eum
1062 1777 1210 1827 adn.1;
1234 1793 1287 1807 =
1307 1780 1351 1815 ut
1374 1779 1457 1817 677
1478 1778 1546 1816 hoc
1566 1779 1668 1816 enim

4 1824 21 1873 ³.
104 1839 226 1878 solum
250 1839 491 1887 adsequetur,
516 1838 617 1886 quod
640 1838 853 1886 diffammos
876 1849 954 1876 non
979 1839 1061 1876 erit.

220 1903 280 1943 De
305 1904 405 1951 quod
428 1903 626 1954 particula
650 1915 722 1953 pro
749 1915 826 1942 acc.
854 1905 894 1941 et
919 1902 986 1941 inf.
1013 1902 1145 1952 posita
1169 1902 1217 1940 cf.
1237 1902 1375 1951 p.35o
1386 1914 1440 1952 sq.
1462 1903 1500 1941 h.
1519 1903 1545 1941 1.

221 1964 425 2013 Quoniam
449 1968 490 2007 in
515 1968 630 2007 initio
656 1968 876 2007 sententiae
901 1968 1104 2007 invenitur
1131 1969 1235 2018 999,
1265 1968 1397 2019 1659,
1426 1969 1560 2018 2048,
1587 1981 1668 2007 non

7 2038 22 2086 ἶι
107 2028 148 2067 in
170 2028 284 2068 initio
311 2029 379 2078 87,
408 2029 505 2079 128,
531 2029 628 2078 224,
658 2028 783 2078 1155,
812 2028 937 2068 1543.

10 2087 31 2140 js
223 2089 393 2144 Quoque
412 2110 469 2126 ==
490 2095 604 2133 etiam
627 2094 693 2133 vel
717 2095 818 2132 iam:
845 2094 948 2143 3053
975 2105 1264 2142 supervacuum
1291 2094 1370 2132 est:
1399 2094 1482 2131 721
1512 2096 1545 2131 ot
1569 2094 1671 2132 velut

29 2154 34 2171 ³
91 2151 195 2203 ΟΠ,
218 2152 252 2193 0
273 2165 418 2202 quoque
442 2156 477 2192 et
504 2153 592 2197 VH,
622 2154 706 2192 730
731 2155 808 2201 qui
833 2164 979 2201 quoque
1002 2153 1195 2196 similiter,
1231 2153 1343 2191 1096
1370 2153 1488 2191 sim-ul
1512 2164 1668 2201 quoque,

107 2214 314 2262 praeterea.
334 2213 448 2252 1820
468 2215 509 2252 et
529 2214 642 2252 2022
664 2212 712 2251 of.
733 2212 849 2263 infra,
874 2211 1045 2261 pessime
1071 2213 1205 2250 autem
1229 2212 1342 2250 1054
1364 2211 1544 2251 additur:
1571 2224 1670 2261 quae

107 2272 174 2311 tibi
203 2284 289 2311 oum
319 2273 491 2321 loquerer
522 2275 662 2321 septem
692 2283 837 2320 quoque
861 2273 1152 2315 semisonantes,
1186 2271 1350 2310 discrevi
1369 2302 1377 2310 .
1399 2302 1409 2312 .
1458 2271 1549 2310 Non
1575 2274 1669 2321 apte

2 2341 22 2387 Δ,ᾖ
49 2339 52 2342 ·
107 2326 348 2372 collocatur}
372 2333 484 2372 1095
511 2333 573 2371 oui
597 2333 647 2370 sit
671 2343 817 2380 quoque
841 2332 953 2370 tertia
981 2331 1112 2379 lonqa,
1142 2331 1256 2369 1820
1282 2331 1379 2369 libro
1404 2342 1549 2379 quoque
1573 2332 1671 2369 discit

4 2418 29 2443 5
109 2391 234 2430 eodem
267 2388 342 2438 (=
366 2391 434 2430 hoc
465 2391 640 2440 quoque),
677 2392 788 2430 1825
823 2402 891 2429 neo
920 2402 998 2429 non
1029 2390 1132 2429 alias
1162 2401 1307 2438 quoque
1332 2391 1444 2428 binas
1471 2388 1545 2437 (=
1566 2391 1668 2429 alias

55 2455 58 2457 ’
111 2447 305 2500 [adverb]
341 2451 455 2489 binas
485 2450 653 2499 quoque)
690 2453 724 2488 et
754 2453 830 2488 tres
854 2460 1040 2498 superare
1065 2449 1204 2493 solere,
1241 2450 1356 2488 2022
1382 2450 1573 2497 spondeus
1598 2451 1670 2488 erit

110 2510 253 2554 tertius,
277 2510 377 2548 idem
402 2521 546 2558 quoque
564 2512 727 2557 quartus
748 2508 822 2557 (=
843 2511 1004 2557 quartus
1022 2508 1197 2556 quoque),
1226 2509 1340 2547 2723
1362 2511 1395 2547 et
1413 2520 1535 2557 supra
1548 2511 1669 2558 positi

3 2579 35 2629 ,ᾗ
110 2569 165 2606 sic
187 2580 331 2617 quoque
354 2571 444 2607 sunt
468 2569 543 2607 duo
569 2567 643 2615 (=
664 2569 739 2607 duo
764 2568 941 2616 quoque),
984 2568 1100 2607 2754
1125 2569 1224 2606 inter
1248 2580 1343 2616 quos
1367 2569 1499 2607 cecinit
1524 2581 1669 2617 quoque

110 2637 263 2667 carmen
286 2628 363 2667 tale
388 2626 575 2667 Catullus.

191 2722 196 2726 .
226 2687 432 2736 Quorsum
454 2693 536 2731 249
557 2691 633 2731 Sed
651 2704 833 2740 quorsum
855 2694 916 2732 ais
934 2692 1002 2730 hoo
1021 2693 1163 2730 discere
1181 2692 1239 2730 vel
1252 2693 1385 2731 dooere
1402 2693 1548 2741 refert?
1579 2693 1667 2732 Ter.

0 2748 16 2781 3
112 2748 192 2803 Cio.
211 2751 300 2792 Seu.
321 2751 452 2801 Apul„
471 2752 523 2790 M.
544 2750 655 2790 Caes.
676 2763 737 2802 ap.
758 2751 1018 2801 Frontonem,
1044 2751 1092 2790 cf.
1119 2751 1239 2790 etiam
1266 2751 1393 2791 Krebs
1417 2752 1458 2790 in
1483 2752 1521 2792 h.
1541 2766 1577 2791 v.

227 2811 430 2859 Quotiens
459 2829 537 2854 non
568 2828 658 2854 raro
690 2816 839 2867 legitur
865 2819 910 2854 ut
937 2817 1038 2864 142,
1074 2818 1155 2855 172
1183 2815 1205 2863 (
1207 2817 1297 2855 olim
1322 2816 1535 2865 quot-iens),
1571 2819 1666 2868 199,

115 2874 215 2924 220,
249 2876 350 2924 792,
378 2877 511 2926 1011,
540 2876 671 2920 1128,
701 2877 832 2924 1207,
861 2876 974 2913 1234
1000 2871 1115 2927 (cum
1148 2876 1220 2914 sut.
1245 2888 1316 2925 pro
1348 2888 1476 2926 praes.
1502 2880 1667 2927 propter

112 2935 294 2983 metrum,
318 2934 366 2973 cf.
386 2947 423 2984 p.
444 2936 528 2973 345
544 2929 632 2986 sq.),
664 2936 787 2985 1273,
816 2936 941 2984 1523,
970 2935 1094 2974 1837.
