1878 3242
483 122 539 159 De
565 121 782 158 Terentiani
806 131 975 157 sermone
1001 121 1040 156 et
1063 121 1199 157 aetate.
1534 116 1621 160 315

536 231 580 268 ln
605 239 762 267 -men
786 229 828 266 et
852 227 1130 266 -mentum'e

65 317 237 350 acumen
265 311 349 350 318
380 321 458 349 non
490 311 590 348 enim
621 309 765 348 cursim
789 310 858 346 aut
881 309 1039 346 remisse
1063 309 1142 345 tam
1167 307 1319 345 minuta
1343 306 1526 344 acumina
1551 305 1621 344 ad-

123 371 229 418 sequi
265 371 490 418 quicumque
517 370 669 417 poterit.
717 367 784 406 Ita.
813 363 882 405 ‘de
920 366 1056 406 subtili
1095 366 1218 416 dicto,
1255 367 1326 404 aut
1357 365 1518 404 invento
1551 366 1622 403 aut

124 425 393 480 argumento'‚
419 431 465 467 ut
489 427 546 467 ait
572 426 826 477 Forcellinus,
852 439 876 465 a
901 425 978 465 Cic.
1004 425 1103 465 Hor.
1129 426 1278 464 Arnob.
1307 423 1534 464 adhibetur.

65 495 231 528 carmen
256 501 374 538 saepe
398 489 540 527 exstat.

67 544 278 587 certamen
303 549 359 587 48
386 560 527 597 parum
553 546 713 586 definite
738 545 916 585 laborem
942 545 1142 599 significat
1167 544 1344 584 athletae
1370 543 1485 583 senis.

65 614 292 658 cognomen
319 608 444 646 1931.

66 662 293 706 discrimen
318 668 401 706 835
429 663 606 716 (litterae
630 660 824 718 liquidae)
849 666 995 714 pedum
1025 666 1083 703 vel
1113 665 1201 703 hinc
1232 665 1290 703 vel
1314 664 1403 703 inde
1426 663 1625 702 sublevant

124 727 351 766 discrimina
358 739 373 773 ;
418 726 467 765 cf.
494 725 594 765 Gell.
626 727 893 765 discriminum
930 737 977 764 ac
1007 725 1315 772 differentiarum
1346 724 1547 763 tenuitates
1583 722 1625 760 et

126 785 283 826 similia.

67 839 331 895 ΤΙ-(1001111011,
358 845 407 884 cs.
430 845 551 896 paulo
577 844 683 883 infra
706 857 745 894 p.
766 846 862 884 318.

64 911 240 943 examen
266 906 318 944 81
340 917 423 954 par
453 905 641 943 examinis
665 907 794 943 aestus
819 906 890 948 est,
916 915 983 942 ceu
1006 904 1189 942 sublimia
1215 904 1403 955 disseras,
1443 903 1557 942 1290
1582 904 1626 941 in

125 967 248 1003 vestro
277 966 377 1003 satis
407 967 461 1003 est
490 965 663 1002 examine
694 966 859 1002 cautum.
909 962 997 1001 Vox
1029 975 1053 1001 a
1083 963 1210 1012 poetis
1242 961 1314 1002 Ov.
1342 965 1382 1001 et
1408 962 1508 1000 Stat.
1535 964 1576 1000 et
1600 974 1625 1000 a

127 1023 413 1073 posterioribus
440 1022 574 1061 Solino
600 1022 888 1073 Lactantioque
913 1022 986 1061 hoo
1012 1034 1130 1061 sensu
1155 1021 1337 1060 adhibita
1362 1023 1433 1061 est.

66 1078 374 1121 excrementum
402 1084 513 1122 2611
540 1083 698 1131 primas
729 1083 847 1130 capiti
877 1083 977 1121 duas
1002 1084 1236 1120 excrementa
1260 1075 1379 1134 (Mar.
1399 1080 1502 1120 Viot.
1525 1082 1624 1131 149,

126 1143 182 1181 34
193 1141 239 1181 Κ.
260 1136 511 1193 incrementa)
523 1144 677 1190 putant.
712 1141 821 1180 Haec
841 1142 975 1180 autem
995 1153 1071 1180 vox
1091 1153 1116 1179 a
1134 1141 1256 1180 verbo
1277 1142 1524 1185 excrescendi,
1544 1153 1625 1179 non

126 1201 349 1240 excernendi
367 1201 587 1241 derivanda
603 1213 665 1250 ap.
673 1200 788 1240 Mart.
801 1199 895 1251 Cap.
908 1203 948 1239 et
961 1200 1091 1240 Sidon.
1105 1200 1272 1251 singulis
1292 1201 1389 1239 locis
1409 1199 1623 1239 invenitur.

70 1266 218 1298 nomen
227 1254 260 1312 1)
286 1272 404 1310 saepe
429 1260 590 1311 legitur.

68 1326 293 1370 pronomen
319 1336 375 1351 =
401 1320 585 1358 Fam-ort
610 1321 707 1369 709,
737 1320 868 1367 1665;
895 1319 1009 1358 Varr.
1037 1318 1171 1365 Quint.
1198 1320 1249 1358 al.

67 1374 312 1428 †spiram011
345 1379 536 1418 vocabulo
570 1379 831 1418 Terentianus
862 1378 1120 1429 peculiariter
1154 1391 1247 1416 usus
1274 1380 1352 1427 est3
1387 1379 1471 1417 228
1497 1380 1624 1426 spira-

125 1439 228 1477 mine
257 1439 333 1477 leni
358 1469 366 1477 .
388 1468 396 1476 .
416 1469 424 1477 .
450 1439 551 1477 hanc
575 1433 677 1489 (scil.
708 1438 884 1477 litteram
916 1433 959 1491 f)
996 1450 1060 1477 ore
1089 1439 1263 1483 sonabis,
1303 1439 1388 1477 784
1426 1439 1626 1486 spiramen

127 1497 235 1536 addit
252 1491 296 1550 (h
314 1492 471 1551 littera)
496 1498 701 1542 vocalibus,
730 1498 812 1537 795
847 1498 888 1537 U
909 1510 994 1537 cum
1019 1509 1155 1537 carens
1178 1499 1392 1547 spiramine
1417 1491 1463 1551 (i.
1484 1509 1514 1536 s.
1540 1498 1624 1536 sine

127 1550 172 1609 h)
197 1559 285 1595 ante
309 1558 476 1596 vocalem
501 1558 659 1596 locatur.

0 1652 3 1656 ,
66 1611 228 1655 stamen
255 1617 352 1667 930,
382 1616 507 1666 1059,
536 1617 660 1664 1178,
690 1617 814 1656 1295.

616 1682 660 1718 in
685 1687 807 1718 —tor
832 1682 874 1719 et
899 1685 1063 1719 —triaes

67 1752 203 1797 altrix
223 1759 307 1798 342
328 1761 472 1798 artium
488 1771 639 1808 parens
658 1762 692 1798 et
710 1760 827 1798 altrix
847 1758 1000 1799 Graeca
1019 1762 1216 1810 diliyentia
1237 1763 1300 1800 est.
1338 1760 1486 1801 Pacuv.
1505 1760 1624 1801 Laev.

127 1816 204 1857 Cio.
234 1817 351 1869 Verg.
378 1818 468 1857 Seu.
493 1831 602 1867 apoc.
632 1820 655 1857 7
682 1818 770 1858 Val.
795 1819 854 1858 Fl.
881 1819 1012 1858 Amm.
1040 1820 1186 1859 Auson.
1214 1820 1398 1860 Ambros.

63 1872 215 1916 auctor
242 1877 362 1917 '1360
387 1879 429 1916 et
452 1877 560 1917 alibi.

66 1929 343 1985 [dominatrix
363 1939 475 1977 2061
504 1937 545 1975 in
570 1937 710 1988 fragm.
732 1937 806 1976 ine.
833 1940 992 1987 poetae:
1016 1940 1088 1978 dea
1115 1940 1202 1978 belli
1229 1940 1486 1986 dominatrix‚·
1511 1952 1624 1989 prae-

122 1995 257 2034 ierunt
276 1994 355 2035 Cic.
376 1997 424 2035 de
449 1996 527 2036 inv.
551 1998 588 2045 1,
610 1998 634 2035 2
662 1999 702 2035 et
721 1992 811 2036 Sen.
831 1996 999 2037 Phaedr.
1023 2000 1091 2048 90,
1117 2001 1326 2048 praeterea
1351 2011 1427 2038 vox
1445 1999 1487 2037 in
1501 1998 1622 2050 Vulg.

124 2052 186 2093 bis
212 2053 373 2105 exstat]

64 2107 218 2153 ductor
244 2115 358 2154 1360
383 2118 516 2155 auctor
541 2118 574 2154 et
598 2116 732 2154 ductor
750 2117 935 2154 melorum
961 2110 1064 2170 (scil.
1084 2112 1378 2171 pyrrhichius);
1406 2118 1464 2157 ita
1483 2118 1624 2169 optimi

125 2172 261 2223 script.

66 2225 204 2271 lector
229 2233 327 2283 465,
355 2235 488 2284 1286;
515 2233 594 2274 cic.
620 2233 754 2280 Quint.
780 2234 898 2274 Mart„
925 2233 1025 2274 Gen.
1055 2235 1170 2285 Apul.

63 2285 182 2330 ultor
208 2292 319 2332 2187
346 2294 471 2332 iambe
489 2322 522 2333 ..
539 2325 546 2332 .
562 2322 584 2338 .,
608 2294 710 2332 ultor
734 2295 920 2342 impotens
945 2296 1022 2341 tui;
1046 2307 1124 2333 vox
1147 2294 1299 2334 usitata
1324 2298 1396 2335 est.

64 2345 333 2391 versificator
359 2353 491 2398 1012;
524 2351 656 2399 Quint.
682 2352 719 2390 X
747 2355 783 2397 1.
805 2354 859 2393 89
886 2353 1143 2402 (versificator
1174 2367 1290 2402 quam
1312 2358 1431 2403 pocta
1458 2356 1623 2404 melior),

122 2409 263 2449 Iustin.
274 2409 431 2460 vopisc.
446 2411 574 2462 Beda3
587 2412 635 2451 of.
647 2412 767 2451 etiam
781 2411 910 2451 Krebs
925 2425 954 2451 s.
970 2426 1007 2451 v.
1022 2408 1270 2463 (versificatio
1285 2415 1362 2452 iam
1376 2414 1457 2454 Col.
1468 2411 1624 2469 habet).

184 2465 425 2520 [Scriptores
457 2469 660 2521 elegantes
686 2483 804 2521 saepe
830 2474 876 2510 ut
902 2472 1078 2511 accurati
1104 2476 1238 2512 essent
1262 2474 1359 2512 haec
1385 2474 1509 2514 verba
1534 2475 1623 2525 plu-

123 2526 234 2566 ribus
271 2531 557 2579 exposuerunt,
592 2530 661 2568 sed
695 2543 790 2570 usus
822 2531 1063 2570 cottidianus
1094 2532 1144 2570 iis
1177 2545 1311 2572 carere
1344 2546 1423 2572 non
1454 2536 1623 2583 poterat.

124 2587 332 2627 Amantior
358 2590 492 2627 autem
511 2588 663 2639 figurae
689 2589 732 2628 in
749 2592 825 2628 -tor
843 2590 1094 2642 Augustinus
1114 2594 1192 2642 est,
1219 2592 1266 2632 ef.
1288 2592 1471 2632 Pauoker
1490 2592 1622 2643 Spicil.

125 2644 305 2685 Addend.
330 2660 367 2697 p.
398 2648 481 2686 134
508 2647 595 2687 adn.
626 2645 711 2698 26.]

183 2770 217 2816 1)
243 2774 311 2807 662
336 2770 485 2807 Lachm.
512 2783 648 2809 momen
678 2773 838 2810 coniecit
869 2776 908 2810 et
941 2775 1040 2811 certe
1072 2776 1171 2820 quod
1197 2775 1231 2811 U
1255 2777 1411 2822 praebet
1435 2775 1524 2813 ferri
1547 2789 1622 2814 non

64 2817 200 2862 potest.
250 2817 323 2854 Sed
348 2829 395 2854 ne
422 2830 477 2855 vv.
504 2823 573 2856 663
599 2822 637 2855 et
661 2823 729 2856 664
756 2832 864 2857 sensu
890 2822 1094 2867 priventur,
1119 2821 1268 2859 litterae
1294 2823 1311 2858 Ι
1337 2825 1374 2859 et
1399 2823 1431 2859 U
1457 2836 1623 2861 commu-

66 2863 203 2900 tandae
228 2867 330 2902 eunt:
362 2876 491 2903 nomen
523 2866 558 2902 U
578 2868 675 2913 quod
705 2870 938 2905 consonantis
964 2869 1002 2915 (i.
1029 2880 1060 2907 e.
1086 2871 1295 2919 digammon
1319 2882 1455 2908 nomen
1481 2873 1621 2918 habet),

64 2910 93 2946 I
113 2911 222 2947 vicem
244 2912 358 2949 solam
381 2914 486 2959 yerit.
