1878 3242
258 171 343 212 330
918 169 962 206 A.
981 169 1128 206 Werth:
1794 0 1878 269 Ἰ

258 295 283 320 a
307 295 394 320 cum
420 281 494 320 abl.
521 280 644 319 additi
655 274 701 331 ¹).
750 279 951 330 Exemplis
975 279 1185 318 Frontonis
1211 292 1278 319 sex
1302 280 1352 319 ab
1377 280 1524 322 Eberto
1548 295 1586 333 p.
1606 284 1643 334 7,
1667 284 1784 325 Gellii
1858 255 1878 342 ᾗ

259 343 408 390 septem
449 351 473 377 a
507 338 697 387 Gorgesio
731 351 770 387 p.
799 339 851 377 29
889 338 1064 376 collectis
1098 337 1325 377 Terentisni
1357 341 1546 388 quattuor
1579 342 1783 383 accedunt:
1857 344 1878 363 ¹⁶

261 400 312 436 13
340 398 413 436 tale
438 398 603 435 eoeeroitii
623 408 743 444 yenus
767 399 1013 434 commentum
1036 397 1110 435 sibi
1133 397 1292 440 dixerat,
1319 398 1400 436 296
1427 399 1542 438 verba
1563 401 1598 439 si
1619 412 1695 439 non
1718 413 1786 450 ap·
1865 406 1871 410 '

251 457 371 504 petita
395 467 462 494 nee
485 458 628 494 remota
645 455 839 503 plurimis,
866 455 948 493 322
974 466 1042 493 nee
1065 455 1158 493 lecta
1181 455 1334 509 multis„
1348 457 1457 495 2501
1485 459 1677 506 tamquam
1700 458 1784 498 Ita-

257 515 305 552 lis
327 509 539 562 repertum2
561 544 568 552 .

375 571 451 610 Sed
476 571 526 609 ab
541 510 692 610 >horum
715 570 873 609 notione
897 582 975 609 non
994 570 1052 609 ita
1070 570 1219 609 distant
1238 571 1361 610 dativi
1380 585 1478 622 quos
1497 575 1639 613 vocant
1656 573 1784 623 ethici,

258 642 423 679 quorum
446 642 524 668 non
549 630 645 668 satis
670 629 797 667 multa
822 629 1000 678 exempla
1022 628 1166 680 Draeg.
1185 623 1223 667 1²
1244 643 1282 679 p.
1301 631 1386 669 433
1411 631 1589 680 collegit,
1613 631 1784 672 luculen-

258 691 342 726 tum
367 687 576 726 Frontonis
608 687 828 736 exemplum
861 684 963 733 (vide
994 684 1064 726 tibi
1093 685 1186 726 istos
1218 684 1374 735 equites)
1400 689 1522 728 Ebert
1545 701 1582 739 p.
1605 690 1629 729 7
1648 689 1786 730 adfert.
1875 726 1878 745 ἱ

258 747 290 783 Ε
317 746 553 784 Terentiano
585 745 682 783 mihi
711 746 807 784 haec
838 745 1040 784 adnotavi:
1081 746 1193 784 1720
1226 749 1266 784 tu
1295 747 1392 785 mihi
1421 748 1516 796 leyes
1544 750 1642 792 tene,
1676 749 1786 788 1745
1866 773 1878 798 30

257 801 429 852 dactylus
460 805 597 853 duplex
629 805 758 842 redeat
787 800 898 847 mihi,
932 805 1045 843 2090
1075 805 1263 852 spondeus
1287 806 1357 844 erit
1381 807 1563 844 terminus
1585 803 1701 845 huius
1723 807 1789 848 tibi

255 874 397 902 versus.
1871 897 1874 900 .

374 921 542 959 Dativus
579 920 647 970 qui
683 921 732 959 ab
770 919 963 959 adiectivo
993 920 1136 969 pendet
1167 921 1296 959 notari
1329 921 1391 959 hic
1422 923 1572 970 potest:
1617 925 1727 962 1172
1752 922 1790 963 ξῖ
1875 921 1878 953 ἶ

257 980 355 1027 quod
389 979 549 1018 Graecas
581 990 774 1017 commune
805 976 980 1017 videmur
1013 973 1209 1028 habere-2),
1243 981 1362 1030 atque
1394 980 1514 1018 etism
1546 980 1588 1019 in
1620 993 1655 1019 v.
1677 981 1788 1020 1596
1870 983 1878 1034 ζ

254 1039 345 1076 haec
373 1035 448 1076 sibi
478 1048 646 1085 quaeque
667 1039 784 1085 prius
813 1034 1044 1085 distinyuere
1071 1040 1192 1076 metra
1218 1049 1411 1085 paramus
1442 1038 1566 1076 menti
1590 1038 1791 1078 obversari
1875 1089 1878 1093 Α

256 1096 455 1134 existimo:
486 1107 559 1134 sua
590 1096 722 1143 cuique
744 1098 860 1133 metro
884 1097 1050 1143 propria
1073 1096 1227 1134 reddere
1253 1090 1319 1148 (cf.
1338 1109 1374 1135 v.
1399 1097 1509 1136 1599
1536 1108 1632 1144 quae
1656 1098 1716 1135 lex
1737 1095 1791 1136 sit
1871 1095 1878 1131 ἶ

254 1151 362 1201 ipsis.
405 1153 583 1192 Santenii
607 1156 740 1191 autem
765 1153 990 1192 coniectura.
1014 1150 1083 1192 tibi
1107 1154 1273 1192 fortasse
1297 1156 1459 1204 propter
1483 1166 1532 1193 ne
1549 1166 1657 1203 quem
1677 1156 1789 1194 1598
1872 1149 1878 1165 ³

255 1212 449 1250 reicienda
479 1214 557 1259 est3
590 1223 681 1250 nam
705 1224 740 1250 v.
762 1213 842 1249 811
877 1209 963 1259 quis
994 1215 1121 1260 queat,
1155 1212 1190 1251 si
1218 1223 1296 1250 non
1323 1214 1486 1260 resiynet
1514 1213 1626 1252 labra
1649 1210 1791 1253 vocalis

256 1281 394 1313 comes,
420 1271 607 1318 syllabam
630 1271 769 1318 ftnyds
791 1273 835 1308 ut
857 1273 944 1308 ante
969 1282 999 1308 e.
1019 1283 1054 1319 q.
1076 1281 1106 1308 s.
1130 1269 1171 1308 in
1196 1282 1310 1308 usum
1335 1282 1451 1309 suum
1475 1272 1702 1310 convertere
1725 1271 1791 1311 vix

255 1322 416 1380 potest).
459 1327 682 1367 Infinitivus
708 1330 841 1366 autem
866 1327 997 1367 dativo
1017 1328 1307 1377 superadditur:
1335 1330 1446 1368 1002
1466 1326 1596 1378 aptius
1615 1332 1668 1368 est
1683 1330 1792 1369 nobis

256 1387 455 1425 decurrere
485 1386 649 1436 usitate,
681 1386 896 1425 insolenter
928 1388 1011 1426 500
1041 1397 1181 1425 rarum
1209 1398 1286 1426 esse
1311 1386 1472 1426 Graecis
1496 1384 1600 1427 ἰῶτα
1623 1388 1789 1427 subdere.

887 1497 1163 1533 Accnsstlvum

254 1585 360 1634 regit
395 1584 561 1623 verbum
597 1585 782 1633 funyendi
823 1584 864 1622 in
900 1597 936 1623 v.
957 1585 1069 1624 2975
1107 1585 1290 1633 semelque
1325 1587 1360 1623 et
1393 1581 1498 1623 istud
1531 1586 1688 1634 functus
1723 1589 1787 1626 est.

256 1643 382 1688 Quam
413 1644 671 1693 structuram,
703 1655 939 1693 quamquam
969 1644 1125 1692 praeter
1156 1643 1321 1682 comicos
1351 1644 1531 1682 vetustos
1563 1643 1789 1683 Lucretium

254 1700 551 1750 Varronemque
577 1700 679 1750 apud
702 1699 895 1750 Nepotem
917 1701 1099 1739 Tacitum
1117 1700 1347 1740 Suetonium
1365 1701 1576 1750 Apuleium
1595 1701 1790 1741 Iustinum

256 1755 367 1811 (XIX
385 1762 419 1810 1,
442 1753 541 1810 1)4)‚
566 1758 735 1797 Paulum
761 1754 858 1808 (dig.
873 1758 930 1797 VI
947 1761 982 1808 1,
1002 1753 1092 1811 43),
1119 1754 1328 1812 Tertull.⁶)
1357 1758 1557 1798 interdum
1580 1760 1790 1808 invenitur,

257 1824 391 1855 tamen
415 1817 627 1856 obsoletam
654 1817 735 1855 illis
760 1816 1006 1866 temporibus
1030 1817 1154 1856 fuisse
1178 1817 1267 1855 inde
1287 1829 1476 1866 apparere
1495 1818 1662 1867 videtur,
1686 1819 1791 1868 quod

256 1875 407 1914 Gellius
437 1875 506 1913 ille
535 1875 637 1913 casei
669 1875 860 1913 sermonis
891 1875 1183 1914 amantissimus
1209 1875 1357 1914 similes
1382 1876 1689 1915 constructiones
1713 1877 1790 1916 fre-

256 1935 431 1983 quentat.
475 1932 578 1971 Nam
602 1934 762 1982 praeter
785 1933 948 1971 verbum
974 1933 1158 1981 fungendi
1181 1933 1426 1972 accusativus
1451 1933 1555 1982 apud
1579 1946 1669 1973 eum
1693 1946 1786 1984 pen-

256 1991 323 2029 det
347 1992 396 2030 ab
422 1991 501 2029 his:
529 2002 692 2038 parcere
715 2002 929 2030 suscensere
951 1991 1148 2040 indulyere
1163 1988 1288 2040 potiri
1311 1992 1427 2030 latere
1450 2003 1554 2039 eyere
1577 1992 1665 2030 aliis
1674 1986 1723 2045 ⁶).

370 2048 522 2087 Deinde
552 2049 764 2088 notandum
798 2051 859 2088 est
887 2049 1053 2088 verbum
1082 2050 1255 2097 loquendi
1287 2061 1580 2099 nonnumquam
1606 2050 1707 2091 illud
1732 2051 1789 2090 di-

256 2109 362 2146 cendi
390 2108 583 2145 usitatum
608 2107 692 2145 loco
719 2107 935 2157 depulisse3
958 2119 1051 2146 nam
1075 2120 1154 2146 non
1179 2107 1306 2146 solum
1325 2107 1490 2146 aliorum
1510 2109 1686 2158 exemplo
1704 2121 1791 2148 voce

256 2167 362 2204 edere
385 2168 431 2203 ut
458 2167 570 2204 1510
595 2167 635 2203 et
661 2166 773 2204 2838
799 2166 863 2204 vel
888 2163 1087 2204 enwntiare
1112 2161 1239 2218 (218,
1271 2167 1374 2217 224,
1407 2167 1508 2215 262,
1535 2167 1636 2217 943,
1664 2168 1789 2217 1234,

259 2219 403 2275 1401),
428 2223 497 2261 sed
523 2224 641 2262 etiam
667 2221 851 2262 disserere
876 2224 938 2262 vel
963 2227 1127 2263 tractare
1151 2223 1363 2274 significat3
1395 2226 1513 2274 atque
1538 2236 1671 2274 saepe:
1705 2227 1786 2265 182

256 2285 377 2321 cetera
401 2283 437 2327 l.‚
465 2283 547 2320 226
573 2285 616 2320 ut
639 2292 827 2330 quamque
851 2277 1052 2335 (litteram)
1077 2283 1282 2330 loquemur,
1314 2283 1399 2322 390
1423 2279 1679 2331 diphthongos,
1704 2284 1787 2322 804

255 2344 297 2379 ut
320 2342 416 2379 satis
439 2352 572 2379 sumus
597 2341 709 2379 locuti
733 2334 807 2393 (=
821 2338 1091 2393 ostendimus),
1118 2341 1200 2380 805
1226 2343 1370 2380 natura
1393 2351 1490 2388 quae
1512 2342 1579 2385 sit,
1605 2342 1687 2381 837
1713 2342 1790 2381 ista

374 2488 407 2532 1)
431 2486 483 2523 cf.
505 2486 690 2532 Draeg.1²
764 2491 831 2522 429
846 2498 937 2533 sqq.,
962 2487 1112 2523 Kflhner
1131 2487 1163 2522 11
1182 2498 1218 2532 p.
1233 2490 1313 2531 239,
1333 2486 1368 2522 d.

373 2536 409 2578 2)
435 2533 530 2569 Huic
548 2533 647 2579 parti
665 2499 874 2570 addendum
894 2515 964 2570 es’t:
984 2537 1075 2569 2659
1094 2535 1196 2570 metri
1207 2544 1319 2580 genus
1330 2534 1395 2570 hoc
1405 2534 1549 2571 vatibus
1562 2533 1740 2571 inclitis..

255 2591 328 2615 uno
354 2581 444 2625 pede
473 2583 628 2624 constat,
662 2581 760 2625 quod
790 2590 865 2616 non
895 2579 1111 2616 insolentius
1141 2583 1198 2616 eet
1221 2591 1333 2625 quam
1358 2583 1431 2616 tres
1455 2579 1512 2615 illi
1535 2580 1625 2624 loci,
1681 2579 1787 2615 uibus

257 2627 396 2662 Gellius
427 2626 586 2671 tempori
615 2627 802 2672 praesenti
833 2627 1026 2663 verborum
1057 2626 1202 2673 generis
1227 2637 1324 2672 pass.
1350 2626 1494 2662 dativos
1518 2625 1658 2662 eiusmo
1686 2626 1699 2661 i
1722 2626 1786 2662 ad-

255 2672 359 2708 didit.
410 2673 463 2708 Cf.
483 2672 623 2717 Gorges
648 2685 684 2718 p.
704 2677 760 2710 29.

374 2722 408 2764 3)
433 2719 512 2756 Hoc
542 2721 660 2755 metro
691 2722 733 2755 ut
757 2720 902 2756 videtur
932 2721 1081 2755 coactns
1112 2719 1221 2765 dixit,
1251 2730 1337 2756 nam
1362 2719 1541 2756 usitatum
1563 2719 1622 2756 eat
1643 2718 1786 2765 aliquid

255 2776 436 2801 commune
459 2767 584 2802 habere
608 2777 687 2803 cum
713 2767 852 2812 aliquo,
878 2766 922 2803 cf.
942 2766 1059 2803 Krebs
1078 2779 1106 2803 s.
1127 2778 1159 2803 v.

371 2814 408 2857 4)
434 2811 693 2858 cf.Draeg.1¹
716 2824 751 2858 p.
771 2817 850 2849 569.

372 2860 407 2903 5)
432 2858 484 2894 cf.
504 2825 629 2894 etiumg
642 2859 759 2895 Krebs
779 2871 805 2894 s.
828 2871 858 2896 v.

373 2908 408 2949 6)
434 2905 487 2940 Cf.
507 2904 647 2950 Gorges
671 2917 706 2952 p.
727 2909 772 2941 26
786 2917 866 2951 sqq.
