1878 3242
0 0 67 119 r

510 174 565 211 De
591 173 808 211 Terentiani
833 184 1002 211 sermone
1028 175 1067 210 et
1092 175 1227 210 aetate.
1567 172 1654 214 335

90 289 234 339 habeo,
269 288 312 327 at
335 288 465 327 nudus
489 289 538 326 ab
563 289 698 337 aliqua
723 300 766 327 re
788 287 874 338 ipse
900 286 1037 327 Cicero
1062 299 1142 326 non
1168 286 1298 326 semel
1316 285 1418 325 dixit
1442 287 1484 325 et
1509 285 1655 325 Teren-

13 355 19 394 ζ
90 347 223 388 tianus
245 348 376 387 nudus
400 347 603 387 tralaticia
627 348 790 387 notione
815 348 856 386 in
881 361 945 387 vv.
967 349 1064 398 666,
1088 348 1184 396 750,
1206 347 1321 386 1060
1348 341 1587 397 usurpavit).

207 405 362 446 Similia
398 409 534 446 antem
571 410 667 446 sunt
702 408 800 446 haec
838 407 1042 458 exempla:
1082 407 1197 445 2000
1234 407 1406 445 carmine
1441 406 1569 454 siquid
1604 402 1654 444 db

90 461 166 521 (εει
181 460 247 521 ex)
271 467 340 505 hoo
358 478 525 515 posuero
550 461 627 519 (-=
643 463 906 518 Hand15,1)
934 469 975 505 et
999 466 1172 505 fortasse
1192 465 1313 504 etiam
1336 466 1447 504 1377
1470 467 1537 513 qui
1555 466 1655 513 quod

87 528 132 566 {n
161 527 310 575 templis
333 538 501 565 canorus
526 539 553 565 a
576 538 668 566 sono
692 528 795 566 vocis
819 527 948 565 malae
973 527 1135 565 auribus
1161 526 1318 564 libantis
1342 525 1467 564 obstat
1492 528 1526 563 et
1548 526 1656 573 favet

89 586 278 635 spondeus
311 588 376 625 est.
425 580 538 639 (Hoc
569 586 674 624 enim
706 586 815 624 haud
846 585 926 625 scio
958 597 1011 624 an
1042 597 1114 635 pro
1147 585 1347 634 defendere
1371 596 1488 623 aures
1512 597 1538 623 a
1562 595 1654 623 sono

16 642 20 655 ³
88 644 253 684 liberius
279 644 428 684 dictum
455 645 520 697 sit,
546 645 615 684 sed
639 646 811 684 fortasse
836 645 884 684 de
911 645 993 684 alia
1016 644 1253 694 metaphora
1277 643 1533 694 cogitandum
1560 639 1653 697 est.)

206 698 251 758 d)
278 704 482 755 regionem
513 707 556 743 et
585 705 715 744 locum
748 705 806 744 rei
837 706 886 744 ab
912 704 1049 755 aliqua
1073 706 1188 754 parte
1214 703 1483 755 designandae
1508 697 1654 757 (Hand

13 755 21 764 ι
86 763 149 803 ΙΠ
169 765 212 816 1;
237 763 384 814 Draeg.
398 758 436 803 1²
456 762 482 813 ξ
504 765 602 813 285,
632 758 783 818 2—4):
827 765 938 804 1355
965 776 1036 803 nos
1059 765 1166 802 viam
1190 765 1302 802 metri
1324 764 1521 802 studemus
1537 766 1655 811 parte

0 839 12 861 ,¹
87 825 136 863 ab
169 824 302 872 aliqua
327 825 520 872 pandere,
559 825 612 862 22
620 825 672 863 74
711 826 907 863 trimetrus
940 824 1129 872 duplicem
1153 823 1294 872 pedem
1317 835 1343 861 a
1367 824 1492 871 capite
1515 825 1649 867 sumet,

89 884 200 923 2377
223 886 338 932 parte
361 884 410 922 ab
435 885 517 922 ima
542 884 744 922 claudicat.

202 941 250 981 In
274 942 337 981 his
360 942 463 981 nihil
488 945 552 982 est
576 943 738 982 insueti.

200 1002 254 1041 Π.
286 1001 363 1041 Sed
385 1003 574 1041 notabilis
594 1004 657 1041 est
675 1014 771 1041 usus
791 1001 1098 1052 praepositionis
1117 1013 1191 1052 pro
1210 1002 1388 1041 ablativo
1407 1002 1652 1041 instrumen-

86 1061 160 1101 tali
187 1056 396 1115 positae1).
454 1062 558 1101 Nam
590 1074 679 1100 cum
711 1061 1039 1110 instrumentum,
1075 1061 1109 1099 si
1133 1072 1197 1099 res
1223 1063 1303 1110 est,
1339 1061 1445 1100 nudo
1472 1061 1648 1101 ablativo

84 1121 215 1160 notari
235 1121 394 1172 soleat,
434 1121 477 1160 in
510 1121 712 1160 latinitate
745 1133 837 1160 cum
871 1133 968 1159 cura
998 1120 1104 1159 dicta
1133 1119 1271 1169 paucis
1305 1121 1403 1160 locis
1436 1123 1477 1159 et
1507 1134 1651 1171 prosae

85 1180 298 1230 scriptores
339 1180 559 1220 rarioribus
601 1193 722 1231 quam
759 1182 902 1230 poetae
940 1179 1275 1230 praepositionem
1313 1181 1362 1218 ab
1399 1180 1652 1231 addiderunt,

4 1275 6 1278 ,
85 1239 195 1279 cuius
225 1251 322 1278 usus
358 1240 540 1290 exempla
575 1240 692 1278 Hand
717 1240 738 1278 I
762 1253 801 1290 p.
827 1241 1033 1289 26-30,
1059 1239 1205 1289 Draeg.
1229 1235 1268 1277 1²
1292 1253 1329 1289 p.
1358 1240 1442 1278 548
1464 1252 1548 1290 sqq.
1575 1241 1652 1279 col-

3 1298 13 1347 Ῐ
85 1299 284 1350 legerunt3
312 1298 447 1339 Ovidii
473 1300 656 1349 exempla
674 1298 716 1338 G.
738 1294 1014 1352 Guttmann²)‚
1040 1298 1191 1337 Lucani
1215 1299 1245 1337 I.
1267 1293 1540 1352 Obermeier³)
1561 1312 1652 1338 con-

2 1387 12 1408 f-
85 1361 306 1409 gesserunt.
357 1359 415 1397 Ac
446 1362 581 1397 tamen
612 1359 686 1398 hoc
712 1359 754 1397 in
780 1370 962 1397 sermone
991 1357 1147 1408 plebeio
1172 1358 1298 1396 multo
1324 1358 1446 1396 latius
1473 1358 1651 1408 patuisse

2 1418 7 1421 *
86 1429 134 1456 ex
157 1418 371 1468 permultis
390 1418 470 1457 illis
491 1431 512 1457 e
532 1418 718 1458 Vitruvio
738 1431 762 1457 a
782 1418 818 1456 N
822 1418 926 1457 ohlio
946 1418 988 1456 in
1007 1417 1140 1456 Anall.
1160 1416 1319 1456 Vitruv.
1339 1431 1376 1467 p.
1400 1419 1450 1456 11
1474 1418 1651 1457 collectis

86 1477 279 1528 exemplis
310 1490 504 1528 apparere
528 1478 706 1529 videtur3
737 1490 866 1528 neque
898 1476 1024 1527 igitur
1054 1476 1118 1516 hic
1144 1476 1375 1516 Terentiani
1399 1489 1496 1516 usus
1520 1480 1652 1528 poste-

86 1536 231 1576 riorem
256 1539 431 1576 aetatem
455 1537 616 1577 indicat.

204 1596 433 1636 Terentiani
457 1599 593 1635 autem
619 1596 804 1646 exempla
827 1596 926 1634 haec
951 1597 1062 1635 sunt:

203 1651 246 1709 a)
270 1657 364 1706 post
387 1655 555 1696 verbum
578 1657 685 1703 fieri:
713 1656 795 1694 169
816 1657 905 1704 ipsa
925 1651 1082 1707 (littera
1099 1650 1134 1708 i)
1155 1667 1322 1695 consona
1339 1657 1407 1703 fiet
1425 1668 1451 1695 a
1469 1658 1650 1704 sequenti,

87 1715 172 1754 634
204 1714 226 1754 i
255 1717 302 1762 fit
331 1716 380 1754 ab
416 1717 585 1763 sequenti
615 1727 848 1759 consonans,
890 1716 1003 1754 1020
1035 1715 1150 1763 Zonya
1180 1717 1226 1763 fit
1255 1728 1281 1754 a
1309 1716 1490 1764 geminis,
1534 1717 1646 1755 1265

65 1768 202 1822 ‘lonya
234 1775 281 1822 fit
310 1787 337 1813 a
363 1776 544 1824 yeminis,
585 1775 696 1814 1867
731 1775 846 1823 lonya
875 1776 922 1821 fit
951 1775 1000 1813 ab
1027 1775 1213 1822 adpositis
1237 1769 1303 1827 (in
1328 1788 1364 1814 v.
1387 1776 1472 1814 680
1497 1777 1650 1814 autemz

4 1830 7 1864 Ϊ
86 1833 201 1881 lonya
229 1834 296 1882 fiet
328 1835 464 1872 addita
492 1836 655 1884 propter
679 1847 714 1873 v.
738 1835 820 1873 679
848 1846 929 1873 non
954 1833 1119 1873 dubium
1145 1835 1224 1884 est,
1256 1833 1354 1884 quin
1378 1835 1514 1873 addita
1539 1834 1648 1873 abla-

85 1892 193 1932 tivus
218 1892 428 1932 absolutus
453 1893 517 1933 sit.
543 1892 692 1944 Supple
717 1887 876 1946 littera).

202 1950 247 2001 b)
267 1955 359 2003 post
376 1952 542 1992 verbum
567 1954 719 1992 iuvari:
745 1953 828 1992 638
850 1954 1030 2001 temporis
1048 1955 1167 2001 parte
1185 1953 1397 1992 adiuvatur
1416 1954 1465 1992 ob
1478 1955 1648 2002 sequenti

85 2022 251 2050 consona
275 2007 400 2066 (recte
425 2011 523 2051 coni.
549 2012 721 2062 Lachm.‚
753 2011 794 2050 M
819 2013 867 2051 ab
893 2007 1008 2066 om.),
1045 2013 1128 2052 775
1161 2014 1236 2051 eui
1266 2025 1411 2061 super
1440 2014 1499 2051 nil
1522 2016 1565 2052 ut
1588 2015 1648 2051 iu-

85 2073 194 2111 vetur
223 2083 250 2110 a
279 2073 506 2120 propinqua
535 2083 710 2111 consona.
764 2067 932 2123 (Contra
959 2073 1073 2111 1024
1103 2073 1221 2120 prior
1252 2075 1305 2111 est
1338 2074 1481 2111 iunctis
1512 2074 1649 2111 adium

86 2130 254 2175 duabus,
282 2129 419 2182 itaque
444 2131 565 2170 etiam
593 2133 705 2170 1025
731 2132 909 2170 subiectis
933 2142 1050 2179 aeque
1073 2132 1140 2179 fiet
1167 2129 1269 2181 [scil.
1298 2130 1454 2180 adiuta]
1480 2145 1647 2182 praepo-

86 2189 178 2228 sitio
205 2184 436 2243 omittitur.)

203 2243 243 2301 e)
276 2251 368 2299 post
403 2249 527 2289 verba
563 2249 710 2288 activa:
750 2251 831 2288 111
871 2258 906 2289 a
941 2250 1067 2288 littera
1101 2249 1224 2288 locum
1258 2251 1314 2289 sic
1348 2251 1398 2289 ab
1433 2262 1499 2290 ore
1532 2252 1649 2290 sumit

87 2302 233 2358 (neque
264 2309 368 2347 enim
400 2309 537 2347 localis
569 2321 665 2347 usus
697 2308 789 2347 huic
819 2308 1106 2358 praepositioni
1139 2303 1264 2362 inest)
1291 2311 1331 2348 et
1358 2310 1461 2348 557:
1498 2311 1649 2358 syllaba

86 2377 183 2414 quae
212 2367 351 2416 duplex·
383 2362 487 2421 (scil.
511 2361 690 2421 tempus)
721 2368 859 2406 habere
882 2371 1013 2416 posset
1037 2368 1085 2406 ab
1111 2368 1262 2407 duabus
1287 2370 1473 2407 consonis.
1522 2363 1648 2422 (Nam

84 2424 240 2470 habere,
277 2439 366 2465 cum
401 2426 665 2465 Terentianus
699 2427 878 2465 litteram
912 2439 938 2465 a
973 2427 1023 2465 ab
1054 2427 1312 2477 sequentibus
1345 2427 1490 2466 litteris
1524 2441 1647 2467 unum

8 2495 9 2498 ’
86 2485 262 2537 tompus,
293 2497 370 2524 non
399 2485 544 2535 duplex
571 2485 748 2535 accipere
774 2486 929 2535 doceat,
960 2498 1041 2524 non
1066 2498 1226 2524 sensum
1251 2486 1468 2536 accipiendi
1494 2482 1646 2539 habet.)

210 2543 328 2583 Falso
349 2546 483 2584 autem
500 2545 742 2594 praepositio
763 2546 811 2583 ab
830 2545 872 2583 in
891 2558 928 2584 v.
943 2545 1027 2584 579
1048 2545 1214 2594 legitur:
1239 2555 1276 2585 a
1294 2546 1418 2585 brevis
1437 2547 1529 2585 dum
1542 2575 1644 2589 .....

207 2680 243 2725 1)
267 2679 461 2726 Plerisque
492 2680 584 2717 loeis
617 2681 732 2717 etiam
763 2681 1059 2727 praepositiones
1091 2682 1258 2718 causales
1282 2683 1343 2729 (de
1369 2683 1411 2719 ob
1437 2685 1476 2720 et
1495 2687 1646 2731 propter

84 2726 135 2781 ef.
158 2724 278 2774 infra)
307 2729 419 2783 aptae
454 2729 576 2773 erant,
615 2729 680 2764 sed
713 2728 1000 2765 instrumentum
1035 2740 1148 2774 quam
1179 2741 1330 2766 causam
1360 2742 1448 2767 usus
1479 2732 1645 2779 vulgaris

85 2775 462 2905 ἶοεῖῃῖἦὰῐῖῗιὲζξςτ.
487 2821 746 2860 Tremoniensi
778 2835 812 2860 a.
832 2826 941 2860 1890:
969 2823 1243 2870 ‘Sogenanntes
1268 2825 1573 2864 instrumentales
1598 2828 1645 2864 ab

88 2879 310 2998 Lgmazzd’n
328 2929 452 2993 progr.
467 2917 680 2954 Monacensi
700 2929 732 2954 a..
745 2921 855 2954 1886:
878 2917 968 2954 ‘Der
982 2917 1313 2966 Sprachgebrauch
1327 2921 1392 2957 des
1405 2921 1455 2957 M.
1469 2921 1644 2960 Annaeus
