1878 3242
1761 0 1793 16 ΜΣ,
1830 15 1834 22 7

1786 0 1878 163 Ἰ

1851 151 1878 189 ἶ,

282 187 367 228 3¹50
931 192 974 229 A.
999 193 1145 229 Warth:

284 303 445 341 Graccis
470 314 663 341 commune
685 304 858 341 videmur
868 298 900 355 ¹)
924 304 1061 342 habere
1078 298 1273 356 (Draeger
1296 305 1369 343 hoc
1395 305 1555 343 verbum
1578 304 1721 354 omisit,
1739 304 1807 344 sed
1872 301 1878 342 ἶ

282 362 321 399 vi
353 360 558 409 propritim
591 361 748 409 passiva
778 373 855 400 non
886 362 1013 400 solum
1045 362 1149 412 apud
1179 358 1474 415 postedores'),
1510 363 1578 402 sed
1601 363 1678 402 iam
1703 363 1807 413 apud
1874 367 1878 374 '

282 419 509 457 Vitruvium
540 414 827 471 adhibetur)⁸)‚
867 421 974 463 1781
1015 421 1140 468 qualis
1167 432 1288 469 supra
1317 433 1448 460 versus
1470 432 1628 469 peccare
1650 422 1807 466 videtur,

283 479 394 516 2116
421 480 630 516 tetrameter
653 479 790 516 similis
812 489 1006 517 remanere
1029 479 1188 522 videtur,
1216 479 1327 518 2784
1347 491 1478 518 versus
1494 482 1596 518 stare
1612 480 1807 524 videbitur,

282 537 395 575 2852
420 536 487 574 hoc
504 536 703 574 Petronius
723 537 911 575 invenitur
929 548 1022 575 usus
1040 531 1138 589 (Cic.
1158 531 1298 590 Lacu),
1323 538 1455 587 itaque
1475 537 1592 576 etiam
1610 537 1652 575 in
1670 550 1707 577 v.
1721 537 1802 577 801
1872 535 1878 575 ἑ

281 595 315 632 0
337 595 436 642 quod
461 596 540 633 cius
563 596 754 632 invenitur
769 606 885 643 posse
908 596 1018 633 subdi
1035 607 1110 642 pro
1134 606 1225 633 sono
1249 607 1381 634 casum
1407 596 1564 634 litterae
1583 594 1614 634 0
1632 595 1805 635 nomina·

281 653 406 691 tivum
432 665 517 690 esse
542 655 655 701 puto3
682 650 853 701 [contraz
881 654 991 692 2949
1011 654 1231 701 putandum
1255 657 1308 693 est
1331 657 1406 692 tres
1429 655 1536 693 datos
1559 650 1776 702 trochaeos}

396 710 547 749 Gellius
583 710 794 749 secundum
831 711 950 761 Gorg.
981 725 1017 761 p.
1038 713 1091 750 49
1130 711 1250 750 verba
1285 714 1483 751 convineor
1518 713 1650 751 trador
1678 712 1808 751 credor

281 771 470 808 existimor
500 770 632 808 doceor
661 769 740 808 alia
770 769 828 808 ita
858 769 1094 819 construxit,
1131 769 1199 809 sed
1236 770 1354 809 etiam
1385 773 1503 810 antea
1531 770 1602 810 illa
1631 769 1808 820 exempla
1875 779 1878 816 j

281 827 372 877 poni
396 829 589 877 poterant.

398 886 474 924 Pro
500 886 721 925 accusativo
740 899 828 925 cum
853 887 1044 926 infinitivo
1062 887 1266 937 coniuncto
1286 888 1479 936 particula
1496 888 1596 935 quod
1613 899 1700 926 cum
1718 898 1807 926 eon-

280 944 454 983 iunctivo
478 945 540 983 his
566 946 659 983 locis
684 945 900 984 invenitur:
927 947 1009 984 204
1030 946 1074 984 K
1081 948 1328 994 perspicuum
1346 949 1399 985 est
1417 947 1541 984 littera
1558 945 1656 993 quod
1673 955 1810 983 vacare

272 1005 407 1052 possit,
434 1005 516 1041 212
542 1004 641 1042 nulli
664 1004 822 1042 dubiam
846 1007 898 1042 est
921 1005 1099 1051 faucib-as
1122 1006 1248 1042 emicet
1271 1005 1370 1052 quod
1391 1005 1488 1052 ipsis
1511 1004 1558 1041 H
1578 1004 1701 1042 littera
1723 997 1812 1056 (ad-

279 1061 371 1107 didi,
391 1074 627 1112 quamquam
646 1074 717 1111 pro
737 1063 829 1109 quin
849 1062 979 1111 posita
997 1064 1060 1100 est
1072 1062 1268 1112 particula
1279 1057 1396 1114 quod)
1405 1058 1451 1114 ⁴),
1477 1063 1560 1101 498
1575 1074 1631 1111 sq.
1650 1064 1811 1100 ceter-m

278 1121 377 1169 quod
401 1121 439 1158 E
459 1150 467 1158 .
487 1150 497 1159 .
517 1149 525 1158 .
546 1149 555 1158 .
579 1121 715 1158 reddat
741 1119 822 1158 OE
848 1121 1099 1168 diphthonyon
1124 1132 1201 1159 esse
1224 1122 1407 1159 traditum
1430 1132 1551 1168 supra
1574 1123 1692 1163 tenes,
1724 1120 1807 1158 872
1851 1132 1878 1167 ’ζ

278 1179 512 1218 semivocalis
530 1179 629 1226 quod
645 1190 726 1216 una
737 1180 901 1226 praefici
914 1181 1038 1226 possit
1055 1182 1166 1222 tenes,
1193 1180 1277 1218 920
1296 1176 1416 1227 είγμα
1434 1180 1519 1226 quis
1532 1179 1656 1226 possit
1671 1188 1810 1225 neyare

279 1238 380 1286 quod
418 1238 478 1275 det
512 1238 733 1275 adiunctum
763 1248 916 1280 sonum,
961 1238 1074 1276 2840
1105 1239 1139 1275 si
1173 1238 1297 1276 dicam
1329 1238 1548 1284 lepidae,
1586 1236 1724 1284 palam
1759 1238 1812 1274 est

272 1297 442 1344 profecto
474 1296 572 1343 quod
601 1297 650 1334 sit
673 1307 745 1343 pes
776 1298 1023 1343 anapaestus,
1063 1296 1174 1335 2867
1199 1307 1275 1334 non
1304 1297 1402 1334 nulli
1433 1298 1578 1334 metron
1601 1294 1667 1332 hoc
1689 1294 1812 1342 magis

276 1357 468 1402 putarunt
490 1355 589 1402 quod
612 1355 661 1392 sit
677 1356 834 1401 postera
851 1366 952 1402 pars
976 1355 1195 1392 ionicorum.
1243 1353 1319 1392 Sed
1345 1353 1464 1392 etiam
1488 1365 1575 1392 cum
1600 1351 1809 1390 indicativo

281 1413 377 1451 haec
395 1425 471 1451 vox
491 1413 613 1451 semel
632 1412 892 1462 coniungitur,
917 1424 1156 1462 quamquam
1174 1425 1261 1450 cum
1280 1423 1493 1461 pronomen
1510 1411 1577 1449 hoc
1594 1409 1811 1459 praecedat,

281 1484 358 1509 non
383 1471 467 1509 sine
492 1482 609 1509 cause,
633 1470 785 1519 positus
817 1474 895 1508 est:
934 1471 1045 1509 1628
1076 1471 1143 1509 hoc
1177 1473 1239 1509 sat
1273 1472 1344 1509 erit
1371 1471 1561 1509 monuisse
1594 1469 1684 1508 loeis
1713 1467 1812 1518 quod

281 1532 444 1578 quinque
467 1531 680 1576 frequenter
704 1530 828 1577 iuqem
851 1529 1021 1568 videmus
1044 1530 1208 1567 inveniri
1231 1529 1430 1577 dactylum.

398 1587 457 1625 De
482 1588 581 1635 quod
604 1587 799 1637 particula
824 1599 924 1637 quae
949 1587 1002 1626 sit
1025 1600 1096 1636 pro
1127 1586 1349 1626 accusativo
1380 1589 1421 1625 et
1450 1585 1642 1625 infinitivo
1671 1585 1811 1636 posita,

284 1659 372 1685 cum
403 1647 555 1695 priores
585 1645 776 1684 nonnulla
805 1646 985 1695 exempla
1014 1645 1246 1694 plerumque
1277 1644 1361 1684 sine
1385 1645 1450 1684 via
1479 1647 1520 1683 et
1551 1643 1703 1683 ratione
1725 1655 1812 1682 con-

284 1700 532 1756 tulissent⁵)‚
569 1704 791 1742 accuratius
829 1704 979 1753 primus
1015 1703 1157 1754 Mayen
1191 1703 1376 1742 disseruit
1410 1703 1452 1741 in
1486 1702 1622 1741 libello
1658 1701 1725 1752 qui
1756 1701 1812 1739 in-

282 1764 453 1812 scriptus
479 1764 557 1801 est:
590 1758 671 1800 ‘De
696 1763 795 1810 quod
818 1764 909 1810 quia
933 1763 1113 1810 quoniam
1136 1793 1144 1801 .
1172 1791 1181 1801 .
1206 1793 1213 1800 .
1242 1758 1278 1801 .'.
1327 1760 1499 1807 Quorum
1529 1759 1672 1799 studiis
1696 1770 1812 1810 appa-

280 1823 361 1860 ruit
392 1822 491 1868 quod
516 1821 696 1859 voculam
721 1820 779 1859 ita
804 1823 1033 1870 usurpatam
1058 1820 1098 1858 in
1127 1820 1256 1869 prisca
1285 1819 1481 1858 latinitate
1511 1831 1588 1857 non
1613 1817 1811 1867 deprendi,

281 1880 480 1918 rarissime
507 1880 557 1917 ab
582 1880 711 1916 aetate
737 1890 853 1928 quam
878 1880 1020 1916 vocant
1043 1890 1162 1916 aurea
1195 1878 1243 1916 ad
1268 1871 1565 1929 Frontonem⁶)‚
1588 1876 1706 1925 paulo
1737 1875 1812 1913 fre-

282 1937 466 1987 quentius
491 1937 581 1975 inde
606 1937 656 1974 ab
682 1936 837 1975 saeculo
862 1949 899 1986 p.
920 1935 1009 1974 Chr.
1030 1949 1070 1974 n.
1094 1936 1262 1974 secundo
1286 1938 1464 1974 vertente
1488 1937 1619 1984 atque,
1643 1933 1676 1971 si
1700 1932 1811 1971 omit-

282 1997 401 2034 timus
426 1991 579 2045 quibus*
601 2006 647 2032 ex
677 1994 906 2043 pronomine
937 1995 1242 2033 demonstrativo
1273 1993 1389 2032 venia
1417 1995 1602 2043 paratur,
1642 1992 1694 2029 14
1719 1990 1813 2029 locis

285 2053 448 2103 Apulei,
476 2055 529 2092 14
555 2052 684 2100 Gellii,
710 2054 735 2091 8
762 2053 1089 2099 declamationum
1113 2052 1322 2099 maiorum,
1354 2063 1453 2102 quae
1484 2050 1557 2089 sub
1583 2048 1814 2102 Quintiliani

285 2113 439 2151 nomine
465 2111 636 2150 traditae
661 2113 764 2159 sunt,
792 2113 816 2149 6
843 2111 994 2150 Iustini.
1046 2110 1191 2150 Contra
1215 2110 1319 2160 apud
1349 2109 1558 2159 scriptores
1584 2107 1815 2147 ecclesiasti-

285 2183 350 2210 cos
375 2171 656 2220 particularum
682 2170 781 2217 qaod
804 2171 894 2218 qaia
918 2171 1096 2218 quoniam
1125 2169 1365 2219 reliquarum
1395 2179 1490 2206 usus
1514 2166 1640 2216 magis
1669 2165 1814 2215 magis-

285 2242 360 2279 que
384 2228 518 2267 floruit
542 2231 660 2278 atque
685 2229 723 2266 in
743 2228 988 2267 versionibus
1014 2227 1205 2266 librorum
1223 2226 1442 2267 divinorum
1461 2224 1719 2265 creberrimus
1743 2225 1822 2271 est‚·

404 2378 436 2419 1)
461 2375 642 2420 Exempla
667 2387 698 2410 v.
718 2378 784 2410 481
804 2385 868 2411 au
891 2385 1016 2420 capere
1038 2374 1180 2410 videtur
1199 2374 1417 2419 productum
1433 2381 1560 2408 sonum
1584 2370 1623 2406 et
1645 2372 1712 2406 642
1732 2380 1816 2416 per-

283 2424 364 2459 dere
387 2434 419 2458 u
442 2423 582 2458 videtur
606 2422 758 2458 vocalem
781 2433 908 2457 sonam
932 2421 1070 2457 incerta
1095 2421 1179 2456 suut
1202 2420 1364 2464 itemque
1386 2422 1476 2455 2890
1502 2428 1628 2453 nomen
1647 2426 1814 2453 mernera-

286 2474 349 2505 tm·
372 2470 457 2505 hine
480 2470 605 2504 datum
629 2469 687 2514 (cf.
713 2469 834 2504 Praun
858 2480 891 2514 p.
911 2470 960 2512 8).
1664 2487 1670 2490 κ

403 2517 441 2561 2)
468 2515 520 2550 Ct'.
546 2514 721 2559 Paucker,
747 2515 851 2550 Subr.
877 2516 987 2550 scrut.
1012 2525 1047 2559 p.
1068 2517 1111 2550 5⁷
1126 2524 1178 2558 eq.
1262 2516 1298 2555 3)
1323 2511 1377 2548 Of.
1402 2511 1523 2547 Praun
1546 2522 1581 2556 p.
1601 2513 1635 2546 8.

290 2609 305 2643 I
376 2566 441 2643 Μ4)
463 2563 553 2643 ἔστι
577 2563 742 2598 dubitare
766 2562 861 2607 quod
884 2562 1003 2596 Amm.
1028 2560 1168 2606 scriptt.
1193 2559 1228 2595 h.
1253 2560 1366 2605 Aug„
1390 2557 1538 2594 Hieron.
1564 2556 1744 2601 dixerunt,
1769 2554 1815 2591 of.

309 2622 351 2644 w.
416 2637 424 2645 .
447 2610 460 2644 l
515 2612 595 2651 630,
621 2612 640 2651 5
660 2612 739 2644 308.

402 2657 438 2700 ὁ)
463 2655 645 2700 Imprimis
670 2655 751 2690 Val.
776 2654 871 2690 Rose
904 2652 1144 2690 nominandus
1175 2654 1250 2698 est,
1281 2651 1345 2697 qui
1376 2651 1415 2687 in
1438 2648 1574 2686 Anood.
1599 2647 1748 2686 Graecis
1779 2650 1818 2683 et

286 2703 493 2738 Graeculat.
513 2701 530 2737 1
549 2706 593 2738 83
608 2713 685 2747 sqq.
711 2701 758 2736 de
782 2702 853 2736 hac
870 2712 909 2736 re
929 2700 1017 2746 egit,
1042 2700 1101 2735 eui
1120 2698 1361 2746 disputationi
1379 2708 1473 2743 quae
1492 2695 1580 2732 Sittl
1599 2706 1643 2747 p..
1655 2698 1722 2730 110
1734 2705 1815 2739 sqq.

287 2749 419 2796 Draeg.
439 2749 490 2784 11²
510 2753 579 2784 229
594 2760 671 2793 sqq.
697 2747 763 2783 alii
787 2748 1018 2791 collegerunt
1041 2746 1210 2783 addenda
1234 2746 1328 2789 sunt,
1353 2744 1399 2781 of.
1423 2743 1566 2796 Manu,
1590 2742 1706 2787 praef.
1750 2787 1758 2794 ·

402 2797 438 2840 6)
464 2796 568 2841 Quod
592 2806 674 2830 cum
700 2795 811 2830 verbo
835 2794 939 2830 finito
964 2805 1032 2839 pro
1050 2804 1126 2830 acc.
1146 2804 1176 2829 c.
1195 2792 1262 2828 inf.
1282 2790 1467 2827 invenitur
1486 2788 1579 2843 loeis
1596 2786 1761 2840 ‚Phaedn
1782 2790 1815 2831 1,

287 2843 468 2886 Petronii,
494 2843 558 2877 sed
583 2841 621 2876 in
647 2851 812 2876 sermone
839 2840 994 2885 rustico,
1019 2843 1058 2884 4,
1085 2840 1183 2875 Suet.
1206 2844 1243 2882 1,
1268 2838 1354 2874 Tac.
1373 2841 1414 2878 2.
1439 2835 1531 2871 le.
1556 2845 1643 2870 mm.
1663 2837 1702 2879 2,
1726 2844 1818 2879 quoa

286 2889 444 2934 exempli
471 2899 582 2923 causa
606 2888 771 2930 nomino3
797 2887 841 2923 cf.
867 2888 999 2932 Mayen
1023 2890 1209 2938 p.12sqq.
1245 2884 1318 2919 Sed
1338 2882 1460 2926 Quint.
1486 2883 1524 2918 et
1546 2879 1682 2917 Fronto
1706 2882 1816 2925 atque

290 2935 402 2971 etiam
427 2935 558 2981 postea
582 2934 669 2970 Min.
694 2933 770 2970 Fel.
796 2933 865 2970 hac
890 2934 1075 2969 structura
1098 2932 1367 2967 abstinuerunt.
