1878 3242
524 125 578 160 De
604 123 818 161 Terentiani
844 133 1011 159 sermone
1037 123 1076 159 et
1100 123 1235 159 aetate.
1569 119 1654 162 357

99 238 199 277 Plin.
224 251 284 288 ep.
311 268 319 276 .
342 269 349 277 .
372 253 397 288 .;
432 237 525 277 Tac.
555 238 628 276 hat
658 249 700 276 es
733 238 817 276 erst
847 237 889 275 in
914 236 990 275 den
1015 234 1199 275 Annalen
1225 234 1307 273 und
1331 233 1418 273 hier
1443 246 1519 272 nur
1546 232 1654 272 zwei-

35 293 38 295 ’
97 297 189 336 mal.
243 296 305 336 Im
343 296 406 347 Sp.
433 296 479 337 L.
510 297 581 335 hat
618 309 709 335 man
740 295 1170 347 korrespondierendes
1207 306 1279 344 que
1314 307 1390 333 nur
1426 293 1493 332 bei
1524 292 1669 343 Apoll..

98 350 288 410 Sidon.¹)‚
311 377 361 382 —
384 360 417 395 et
435 377 493 383 —-
512 369 583 405 que
606 356 699 395 liest
724 369 816 395 man
840 355 952 395 nicht
973 368 1045 395 vor
1065 354 1214 407 Cicero,
1239 354 1305 393 bei
1323 354 1406 392 ihm
1426 354 1523 392 aber
1541 352 1656 400 efter,

90 415 234 466 jedoch
253 416 363 454 nicht
388 416 429 454 in
454 416 531 455 den
550 416 762 467 sorgfaltig
781 415 1131 466 ausgearbeiteten
1150 413 1286 453 Redeu
1305 414 1376 453 der
1394 413 1535 452 besten
1555 411 1654 464 Zeit,

96 475 198 515 auch
223 475 334 514 nicht
359 476 424 515 bei
448 475 586 515 Livius
595 470 642 530 ²),
668 476 763 515 aber
787 475 853 514 bei
878 474 1008 514 Horaz
1034 469 1096 528 (in
1120 475 1197 513 den
1223 466 1412 527 Sauum),
1438 472 1655 512 vereinzelt

97 535 138 573 in
162 535 233 574 der
258 535 459 574 silbernen
482 536 565 574 und
590 537 775 585 spateren
800 534 1007 584 Latinitat,
1033 548 1062 573 z.
1084 534 1128 572 B.
1155 534 1219 572 bei
1245 532 1408 572 Curtius
1418 528 1443 571 '.

216 594 275 633 De
300 594 509 645 particulis
534 594 783 634 disiunctivis
808 594 856 633 cf.
882 594 908 633 l.
935 607 965 634 0.
992 592 1018 643 ξ
1041 594 1123 633 195
1151 593 1259 633 adm:
1287 589 1380 631 ‘Die
1400 591 1579 630 Willkur
1603 592 1658 630 im

99 653 333 693 Gebrauche
359 654 430 693 der
456 654 804 704 disjungierenden
823 652 1151 703 Konjunktionen
1171 653 1277 703 zeigt
1297 652 1380 691 sich
1401 652 1476 692 wie
1498 651 1562 691 bei
1582 651 1659 690 den

34 704 38 707 Δ
97 713 358 763 kopulativen
393 714 514 753 sehon
548 714 674 752 friihe.
726 713 778 753 So
812 713 1042 753 verwendet
1066 712 1214 752 Vitruv
1239 715 1308 751 aut
1333 712 1429 751 oder
1453 712 1533 751 sive
1558 711 1660 750 ohne

97 771 379 822 Unterschied,
405 773 508 812 Plin.
534 773 624 812 mai.
650 773 948 812 unterscheid'et
979 772 1100 811 kaum
1134 772 1328 811 zwischen
1359 773 1458 816 sive,
1491 771 1550 810 vel
1581 771 1661 809 und

97 835 183 877 aut,
219 832 376 871 {ihnlich
402 833 512 883 Tae,
547 832 848 883 hauptsiichlich
882 846 950 871 um
982 832 1045 871 die
1074 831 1332 870 Konzinnitat
1362 845 1408 869 zu
1434 830 1662 870 vermeiden

96 891 178 930 und
203 891 521 943 Abwechselung
546 892 587 930 in
612 892 675 931 die
700 892 865 931 Diktion
891 906 938 930 zu
970 892 1160 942 bringen,
1186 891 1331 930 ebenso
1356 890 1552 941 Vegetius
1578 890 1660 928 und

97 950 321 990 Macrobius
346 951 428 990 und
454 951 517 990 die
538 951 810 1003 Peregrinatio
831 951 882 990 ad
906 951 994 990 loca
1015 946 1186 990 sancta'.
1218 950 1330 989 Idem
1351 951 1399 989 de
1420 950 1660 989 Terentiano

97 1010 230 1050 valere
255 1023 276 1049 e
300 1010 456 1061 paginis
481 1010 783 1062 insequentibus
815 1010 957 1049 melius
984 1023 1104 1061 quam
1130 1023 1177 1049 ex
1203 1010 1394 1060 exemplis
1421 1022 1544 1059 supra
1571 1021 1660 1048 con·

87 1070 221 1120 gestis
249 1082 473 1120 cognosces.

215 1129 319 1168 Nam
350 1130 391 1168 in
422 1130 542 1169 rebus
575 1129 853 1181 enumerandis
884 1142 964 1168 non
999 1130 1126 1168 solum
1152 1129 1373 1180 particulae
1399 1128 1661 1169 disiunctivae

99 1191 167 1227 aut
189 1190 270 1228 sive
292 1189 352 1228 vel
374 1201 419 1228 ve
444 1191 485 1228 et
509 1190 759 1240 copulativae
768 1183 801 1241 3)
820 1189 925 1228 inter
951 1202 993 1228 se
1014 1189 1324 1240 coniunguntur,
1342 1189 1411 1228 sed
1432 1189 1554 1228 etiam
1573 1201 1659 1239 per-

98 1248 317 1287 miscentur
341 1249 417 1288 hae
443 1261 532 1288 cum
556 1249 650 1289 illis.
697 1249 759 1288 Ne
783 1249 928 1300 longus
955 1249 1042 1300 sim,
1068 1249 1249 1299 exempla
1274 1249 1515 1288 enumerabo
1541 1250 1661 1299 atque

96 1307 243 1347 lineola
270 1328 320 1336 --
349 1321 434 1348 rem
460 1308 781 1359 enumerandam,
808 1309 919 1347 uncis
946 1305 963 1358 [
988 1306 1004 1358 ]
1031 1308 1146 1347 binas
1178 1321 1241 1347 res
1273 1308 1572 1360 coniungendas
1603 1308 1661 1346 in-

95 1365 244 1406 dicabo.
1443 1367 1447 1370 ’

215 1427 246 1466 Ι.
273 1427 426 1466 Ternas
451 1441 515 1467 res
542 1429 727 1479 copulare
750 1440 832 1482 non
858 1427 1071 1467 dubitavit.

155 1481 198 1538 a)
223 1487 441 1537 particulas
465 1500 545 1527 non
570 1487 769 1526 adhibuit:

226 1547 325 1595 470,
352 1547 450 1586 531.

156 1600 202 1658 b)
226 1606 347 1645 tertio
372 1606 549 1646 membro
575 1601 792 1660 addidit⁴):
820 1634 822 1637 .

229 1668 310 1703 tum
335 1666 438 1716 2643
465 1669 499 1704 et
523 1667 628 1717 490,
656 1667 738 1705 641
768 1665 838 1713 (-
871 1687 919 1692 -
951 1668 983 1704 et
1008 1664 1143 1713 talia),
1186 1667 1318 1716 1383;
1354 1667 1413 1705 vel
1453 1667 1565 1706 1059
1607 1666 1660 1715 (si

228 1725 382 1772 quando
405 1745 455 1752 —-
482 1746 531 1752 ———
553 1726 613 1764 vel
632 1747 687 1752 —
708 1725 833 1773 dico)‚·
859 1728 927 1764 aut
955 1727 1088 1775 14303
1113 1737 1258 1774 quoque
1285 1726 1412 1765 2203.
1459 1728 1464 1731 '
1500 1728 1504 1729 ⁷

164 1778 202 1836 c)
229 1783 400 1823 secundo
426 1786 467 1823 et
491 1785 627 1824 tertio:

227 1839 273 1896 α)
299 1843 516 1894 particulas
543 1844 718 1883 easdem:

295 1923 354 1930 -—
373 1906 407 1942 et
428 1923 478 1930 —
502 1907 612 1942 ει-
632 1905 738 1954 393,
770 1905 872 1955 394,
904 1905 1009 1954 4003
1041 1925 1087 1931 --
1111 1906 1192 1944 sive
1209 1925 1266 1931 —
1292 1906 1372 1944 sive
1400 1925 1450 1932 —-
1481 1906 1565 1945 536
1583 1918 1659 1957 sq.;

301 1983 350 1989 —
372 1963 431 2002 vel
452 1984 502 1990 —
524 1965 583 2002 vel
606 1985 655 1991 —
686 1964 771 2003 540
786 1976 861 2014 sq.;
890 1985 941 1991 -—
966 1986 1020 1990 —
1041 1976 1085 2003 ve
1107 1985 1158 1991 —
1181 1976 1225 2003 ve
1252 1965 1349 2004 932.

228 2017 268 2073 β)
296 2022 491 2062 diversas:

297 2085 366 2120 mut
378 2102 435 2108 —
449 2093 594 2130 quoquc
612 2083 671 2121 vel
685 2103 738 2109 --
756 2084 843 2122 210
861 2077 1055 2136 (primum
1075 2084 1299 2122 membrum
1319 2096 1339 2121 e
1360 2097 1397 2123 v.
1419 2085 1503 2123 209
1525 2085 1656 2123 animo

299 2142 565 2191 supplendum
585 2136 676 2195 est),
700 2163 748 2168 —
774 2145 871 2180 et—
891 2146 958 2181 aut
979 2137 1038 2195 (M
1059 2155 1124 2186 an,
1145 2143 1213 2182 sed
1234 2144 1281 2181 cf.
1301 2157 1339 2194 p.
1355 2137 1462 2196 354)
1488 2164 1535 2169 —-
1559 2145 1655 2193 733,

301 2221 351 2227 -
373 2202 408 2239 si
432 2202 586 2249 quando
612 2205 681 2240 aut
706 2222 759 2228 —
782 2223 835 2228 —
858 2203 916 2240 vel
934 2204 1137 2241 nominant
1156 2203 1254 2252 916,
1284 2222 1333 2228 -—
1356 2206 1426 2241 aut
1443 2223 1501 2228 ——
1521 2205 1578 2241 vel
1602 2225 1651 2230 —

301 2260 426 2309 2012,
446 2281 503 2286 -
520 2261 575 2299 vel
594 2258 664 2310 [—
683 2264 751 2300 aut
767 2259 839 2311 —]
863 2262 976 2300 2249
992 2274 1051 2312 sq.
1070 2263 1110 2300 et
1132 2262 1257 2310 2266,
1280 2259 1350 2311 [-
1369 2260 1526 2312 aut—J
1548 2283 1595 2288 —
1613 2275 1657 2301 ve

256 2346 258 2349 -
301 2319 415 2358 2443
428 2332 503 2370 sq.,
534 2341 584 2346 —
606 2323 718 2368 atque
739 2341 791 2347 -—
815 2341 869 2346 -
890 2333 961 2368 que
987 2321 1090 2369 887,
1129 2314 1240 2374 (post
1269 2315 1356 2372 nec)
1392 2341 1449 2347 —
1469 2325 1581 2370 atquc
1600 2342 1655 2348 —-

297 2389 365 2416 nec
388 2390 465 2417 non
490 2382 523 2417 et
552 2400 600 2405 κ-
634 2380 746 2418 2874
761 2393 831 2430 sq„
860 2401 909 2406 —
932 2401 992 2407 —
1010 2392 1081 2428 que
1103 2381 1163 2419 vel
1190 2401 1240 2407 —
1273 2381 1370 2433 847.

217 2490 252 2534 1)
278 2487 329 2525 Cf.
351 2489 464 2526 etiam
490 2489 655 2536 Draeger
681 2492 731 2527 ΙΙι
757 2505 791 2538 p.
813 2497 869 2528 76.

212 2539 249 2579 2)
274 2535 353 2572 Hac
377 2537 416 2572 111
440 2549 479 2572 re
505 2548 645 2574 errasse
671 2540 828 2583 videtur,
854 2540 900 2577 cf.
927 2539 1045 2576 Krebs
1069 2540 1109 2576 in
1134 2553 1168 2576 v.
1195 2544 1227 2576 et
1252 2553 1288 2587 p.
1309 2544 1392 2577 474.

213 2584 250 2628 3)
277 2583 331 2620 De
355 2584 413 2619 his
433 2584 603 2620 Schmalz
628 2586 652 2622 1.
674 2597 703 2621 0.
730 2590 749 2630 ξ
772 2590 838 2623 175
864 2588 958 2623 haec
983 2587 1091 2623 dicit:
1120 2587 1332 2624 ‘Wahrend
1359 2588 1418 2624 die
1444 2587 1648 2625 klassische

96 2629 258 2676 Sprache
292 2631 350 2667 bei
377 2631 634 2677 Satzgliedern
658 2634 734 2669 und
760 2634 893 2670 Satzen
920 2645 990 2670 von
1016 2635 1201 2681 gleichem
1226 2635 1354 2672 Werte
1381 2635 1453 2671 den
1480 2636 1657 2672 Wechsel

94 2677 139 2731 in·
170 2677 242 2713 den
272 2677 576 2724 Konjunktiouen
613 2684 647 2716 et
683 2685 789 2726 atque
845 2693 890 2717 ue
925 2682 1147 2727 vermeidet,
1181 2683 1370 2719 brauehen
1408 2684 1468 2719 die
1503 2687 1652 2729 august.

93 2723 263 2769 Dichter,
295 2726 394 2762 dann
427 2725 555 2762 Livius
587 2728 662 2762 und
694 2729 794 2764 seine
861 2729 1078 2775 achahmer‚
1116 2730 1402 2776 hauptsachlich
1434 2731 1524 2766 aber
1550 2732 1649 2775 Tac„

95 2771 156 2807 (lie
179 2771 425 2818 kopulativen
444 2773 636 2810 Partikeln
661 2775 701 2810 in
726 2775 993 2812 willki'irlicher
1014 2777 1322 2823 Abwechselung,
1343 2790 1372 2814 z.
1392 2777 1434 2814 B.
1455 2777 1541 2815 Tac.
1563 2791 1648 2815 ann.

95 2821 128 2864 1,
150 2822 168 2853 1
195 2819 334 2856 Tiberii
361 2821 503 2867 Gaique
526 2825 559 2857 et
584 2822 736 2859 Claudii
760 2835 803 2859 ac
828 2823 1019 2860 Neronis'.

96 2910 128 2948 G
212 2868 249 2912 4)
273 2867 357 2903 Non
383 2867 492 2904 aliter
511 2868 652 2904 Gellius
678 2870 817 2916 aliique
843 2870 976 2907 ultimo
1003 2873 1170 2908 membro
1196 2872 1400 2919 particulas
1430 2874 1583 2920 addunt,
1603 2874 1654 2910 cf.

129 2923 207 2959 erg.
231 2924 267 2958 p.
287 2919 346 2951 40.
551 2939 554 2941 Δ

1296 2980 1369 3016 24*
