1878 3242
255 162 340 203 306
910 164 955 198 Α.
981 162 1127 199 Werth:

259 272 345 310 ideo
372 273 524 309 tantum
558 272 691 310 addita
722 273 841 311 verba
871 273 1073 322 leguntur,
1105 276 1150 311 ut
1184 284 1315 312 versus
1346 273 1591 324 expleantur,
1621 277 1666 313 ut
1694 286 1778 314 con-

257 323 397 380 υεηὶιῙ)
423 330 518 378 567,
543 331 667 379 1344,
689 331 799 368 2285
827 330 933 379 alibi,
951 342 1097 369 necesse
1123 334 1175 369 est
1202 332 1283 370 788
1305 329 1406 378 (cum
1430 330 1614 372 choros
1636 345 1780 372 necesse

256 390 307 425 est
331 386 482 434 dicere),
507 389 596 426 solet
622 389 703 426 983
731 386 912 436 (fraus
935 389 1034 426 velut
1057 390 1171 428 scribi
1194 389 1320 436 solet),
1343 391 1398 428 sic
1428 390 1580 439 saepius
1603 386 1667 442 (ut
1690 392 1772 430 992

255 446 444 483 declinare
484 447 539 483 sic
581 442 773 493 αἰεχροὺε
814 442 967 498 solent),
1004 450 1125 494 parat
1162 447 1271 484 1137
1310 446 1443 494 (parat
1477 448 1569 486 darc
1604 450 1779 496 temporis

256 504 424 550 auctum)
451 503 528 541 alia
547 504 686 551 multa,
703 516 818 552 saepe
844 505 962 542 etiam
981 506 1066 554 tota
1084 505 1210 542 altera
1228 516 1365 543 versus
1384 516 1474 554 pars
1494 516 1778 554 supervacanea

256 563 327 599 est.
377 561 478 606 Quid
502 562 625 612 igitur
649 562 810 612 mirum,
841 561 943 610 quod
974 574 1052 601 non
1084 563 1210 601 solum
1241 575 1262 600 e
1291 563 1487 612 prioribus
1520 562 1631 602 libris
1655 563 1696 601 in
1719 575 1777 602 se-

255 619 379 657 cundo
404 631 540 657 versus
565 614 782 670 iteravit2),
808 619 875 657 sed
899 619 1053 668 saepius
1078 620 1205 658 exitus
1230 623 1300 658 aut
1322 620 1435 659 initia
1457 632 1641 659 versuum
1666 633 1774 671 repe-

255 678 339 726 tiit3
373 677 419 715 cf.
452 673 554 729 (202
578 694 631 708 =
653 673 774 728 227),
808 678 889 715 288
915 694 965 707 =
987 679 1069 716 376
1092 694 1147 709 =
1168 680 1268 727 388,
1308 680 1391 716 494
1414 695 1466 709 =
1488 679 1590 730 665,
1621 679 1703 718 502
1725 695 1778 710 ==

257 737 357 783 515,
391 735 472 773 533
495 752 548 766 =
571 736 672 784 544,
700 737 780 774 679
805 752 856 766 ===
880 737 979 783 786,
1009 737 1090 774 714
1111 753 1165 767 ==
1188 738 1288 785 739,
1317 737 1396 775 789
1420 753 1472 767 =
1493 737 1595 785 834,
1621 738 1703 775 817
1726 753 1779 768 -ι

256 794 350 841 945,
380 794 491 831 1020
512 809 565 823 =
588 795 711 841 1265,
740 794 851 832 1040
873 810 925 824 =
948 795 1072 841 1257,
1100 795 1209 833 1045
1234 810 1286 825 ==
1311 795 1433 845 1067,
1460 796 1568 833 1077
1585 810 1639 825 ===
1657 795 1779 843 1158,

257 852 366 889 1085
389 868 442 882 --
466 853 590 901 1219,
618 852 727 890 1115
750 868 804 882 =
828 853 1153 901 1137‚1130=
1170 854 1293 901 1181,
1322 854 1430 891 1126
1446 868 1502 883 ==
1518 853 1641 900 1260,
1670 853 1777 891 1156

255 925 310 939 =
328 911 437 948 1196
456 926 508 940 ·=
525 911 650 958 1226,
677 911 786 948 1381
810 925 863 940 =
886 911 1009 960 1415,
1038 911 1149 948 1670
1165 927 1217 941 =
1234 911 1359 961 1688,
1386 911 1498 949 1680
1519 926 1571 941 =--
1593 911 1702 949 1682
1725 926 1779 941 -=

257 968 386 1015 1684,
429 969 539 1006 1958
562 984 614 998 --
637 969 768 1017 2135,
813 964 944 1018 (2152
968 984 1021 999 =
1043 963 1196 1021 2637),
1240 970 1350 1007 2202
1371 984 1426 999 --
1448 969 1558 1007 2322
1657 969 1780 1017 2329,

255 1026 366 1064 2315
393 1028 464 1064 tot.
485 1043 539 1056 =
563 1027 693 1076 2333,
720 1027 832 1064 2318
853 1042 908 1057 =
930 1027 1061 1076 2326,
1095 1027 1204 1065 2341
1228 1043 1281 1057 =
1302 1028 1433 1075 2344,
1459 1027 1569 1066 2575
1591 1041 1646 1057 -τ
1667 1026 1778 1064 2823

256 1078 323 1136 (cf.
352 1080 499 1136 2827),
525 1079 657 1137 (2676
679 1100 734 1114 --
755 1080 900 1134 2715),
927 1085 1037 1123 2923
1060 1100 1114 1115 =
1135 1086 1258 1124 2927.

372 1142 432 1180 Ac
461 1142 588 1180 multa
618 1142 696 1180 alia
726 1142 900 1181 conferre
932 1145 973 1180 et
1002 1143 1178 1192 exempla
1202 1156 1248 1182 ex
1277 1142 1350 1181 hoc
1373 1142 1458 1192 ipso
1483 1142 1617 1181 libello
1642 1142 1776 1180 multi-

255 1200 398 1250 plicare
423 1201 526 1250 licet,
544 1200 611 1238 sed
635 1201 731 1239 haec
755 1201 924 1250 paucula
948 1201 1021 1239 sub
1047 1213 1124 1239 uno
1148 1204 1356 1250 conspectu
1374 1201 1499 1250 posui,
1517 1212 1566 1239 ne
1590 1212 1777 1251 umquam

256 1258 348 1308 quid
374 1271 512 1297 versus
537 1259 586 1297 ad
611 1271 830 1297 sermonem
854 1258 1030 1298 valerent
1053 1259 1183 1298 animo
1208 1259 1413 1298 excideret,
1458 1258 1560 1297 Nam
1583 1271 1661 1297 uno
1685 1270 1779 1307 quo-

256 1329 330 1365 que
355 1317 439 1355 loco
464 1317 560 1355 haec
583 1316 757 1367 indicari,
781 1318 1013 1366 praesertim
1037 1329 1125 1356 cum
1150 1329 1265 1367 saepe
1289 1317 1330 1355 in
1354 1318 1438 1355 toto
1463 1316 1664 1355 enuntiato
1689 1328 1780 1354 sen·

255 1375 323 1412 tiri
351 1375 477 1426 magis
508 1387 625 1424 quam
655 1376 697 1413 in
726 1375 892 1424 singulis
922 1375 1053 1415 verbis
1083 1376 1340 1414 demonstrari
1371 1375 1538 1424 possint,
1567 1375 1777 1425 nequeunt.

255 1433 395 1482 Neque
414 1433 568 1471 debent.
600 1433 702 1471 Nam
727 1445 963 1483 quamquam
981 1433 1240 1473 Terentianus
1260 1433 1456 1472 enuntiati
1473 1444 1589 1483 quam
1614 1433 1779 1471 formam

256 1491 421 1540 eligeret
445 1494 515 1529 aut
539 1491 602 1530 cui
624 1491 898 1541 neglegentiae
916 1491 1152 1542 indulgeret,
1171 1503 1270 1541 quae
1287 1491 1410 1531 verba
1427 1492 1599 1530 sumeret
1616 1491 1686 1529 aut
1703 1502 1779 1539 quo

258 1549 393 1587 ordine
425 1552 604 1598 poneret,
635 1561 751 1598 saepe
781 1543 916 1588 metris
946 1550 1134 1599 respectis
1165 1549 1390 1588 moderatus
1425 1552 1502 1597 est,
1534 1551 1667 1587 tamen
1701 1559 1779 1586 non

257 1607 393 1646 dubito
425 1608 518 1657 quin
547 1607 589 1645 in
619 1607 844 1646 universum
875 1620 952 1647 non
982 1608 1040 1646 ita
1069 1608 1193 1646 multo
1223 1609 1356 1658 plures
1386 1607 1428 1645 in
1458 1606 1631 1657 syntaxi,
1662 1617 1779 1656 quarn

258 1666 424 1715 exempli
448 1665 579 1715 gratia
602 1666 778 1715 nomino,
801 1666 979 1705 licentias
1003 1669 1128 1705 metro
1159 1669 1314 1705 coactus
1345 1665 1563 1714 admiserit,
1594 1676 1710 1715 quam
1740 1663 1782 1701 in

256 1736 374 1773 prosa
398 1725 573 1763 oratione
598 1724 840 1763 admissurus
864 1724 996 1763 fuerit.

772 1973 835 2009 De
865 1972 992 2018 copia
1020 1972 1273 2010 verborum.

376 2062 603 2102 Sermonem
628 2065 797 2101 tractare
828 2063 1057 2113 priusquam
1081 2063 1209 2113 coepi,
1236 2065 1281 2100 ut
1304 2062 1415 2101 firmo
1441 2062 1639 2112 solidoque
1670 2060 1782 2112 quasi

260 2122 512 2160 fundamento
538 2122 700 2171 niterer,
730 2134 808 2160 non
833 2122 958 2159 solum
990 2122 1139 2160 rariora
1170 2121 1375 2170 vocabula,
1407 2121 1474 2159 sed
1499 2120 1598 2170 quae
1628 2120 1783 2158 omnino

260 2179 424 2217 alicuius
455 2180 642 2218 momenti
666 2192 750 2218 esse
775 2182 954 2229 possent,
979 2180 1119 2230 collegi
1149 2181 1189 2217 et
1219 2191 1319 2228 quae
1343 2178 1391 2217 de
1421 2178 1544 2217 isdem
1574 2177 1703 2216 verbis
1734 2178 1784 2215 ab

260 2237 347 2276 aliis
373 2238 629 2287 scriptoribus
656 2238 737 2276 sive
762 2238 899 2276 eodem
923 2238 1005 2276 sive
1024 2237 1101 2276 alio
1128 2250 1244 2276 sensu
1275 2237 1461 2275 adhibitis
1486 2236 1649 2275 dicenda
1673 2238 1785 2274 erant

260 2298 448 2345 quantum
471 2296 582 2345 potui
601 2295 743 2334 addidi.
776 2296 890 2334 Hunc
910 2298 1042 2334 autem
1060 2295 1225 2334 indicem
1244 2295 1455 2335 verborum
1473 2294 1784 2333 memorabilium

260 2354 445 2403 quoniam
475 2367 578 2393 nunc
614 2366 691 2392 non
727 2354 934 2404 subiciam,
964 2354 1151 2392 nonnulla
1181 2354 1244 2392 hic
1275 2353 1484 2392 verborum
1512 2364 1659 2402 genera
1690 2353 1786 2390 tam-

262 2425 379 2460 quam
411 2413 624 2462 specimina
653 2412 955 2462 perlustremus,
979 2414 1024 2451 ut
1047 2412 1178 2451 tamen
1203 2411 1251 2450 de
1283 2410 1560 2450 vocabulorum
1591 2409 1703 2460 copia
1725 2409 1785 2447 iu·

264 2470 406 2508 dicium
431 2471 516 2509 fieri
540 2471 674 2520 possit.

376 2529 594 2567 Numerum
631 2530 840 2567 verborum
876 2541 954 2567 non
990 2528 1164 2578 amplum
1200 2540 1286 2567 esse
1322 2540 1434 2566 nemo
1470 2526 1631 2578 negabit
1660 2537 1785 2575 neque

260 2587 468 2637 quisquam
493 2588 668 2637 amplum
692 2587 989 2636 exspectaverit.
1024 2587 1162 2637 Neque
1187 2586 1290 2625 enim
1314 2586 1353 2624 in
1380 2586 1507 2626 tribus
1526 2583 1684 2623 milibus
1702 2594 1786 2623 ver-

261 2710 384 2744 oribus
409 2710 642 2756 adiungenda
667 2710 762 2745 sunt.
811 2709 1004 2746 Praeterea
1034 2709 1071 2745 in
1105 2708 1439 2745 enumerationibus
1462 2707 1568 2743 binas
1592 2717 1650 2742 res
1675 2715 1783 2751 copu-

260 2757 389 2791 landas
415 2768 493 2792 esse
519 2768 589 2792 non
617 2756 730 2792 semel
756 2767 776 2791 e
800 2767 952 2791 caesura
976 2756 1220 2801 cognoscitur.

379 2805 413 2846 1)
441 2804 612 2839 Convenit
637 2806 703 2838 783
729 2814 811 2838 cum
836 2803 1038 2847 gerundivo
1064 2803 1297 2838 coniunctum
1319 2800 1558 2837 Terentianus
1583 2799 1736 2835 fortasse
1761 2809 1782 2834 e

261 2851 443 2884 communi
468 2861 535 2885 usu
562 2850 748 2885 mutuatus
774 2851 838 2884 est.

377 2899 413 2941 2)
439 2898 480 2931 ut
504 2899 688 2932 354-365
712 2897 770 2941 (=
792 2897 1036 2940 1806—1313)
1059 2896 1164 2939 alios,
1188 2896 1233 2931 cf.
1260 2894 1369 2931 Keilii
1392 2896 1506 2931 notan.
