1878 3242
523 114 577 151 De
603 113 818 150 Terentiani
843 125 1012 150 sermone
1038 115 1076 151 et
1101 115 1237 151 aetate.
1572 113 1659 156 359

213 228 283 268 IV.
307 228 479 279 Reliqua
504 228 686 279 exempla
710 228 808 268 haec
828 206 946 267 sunt:

216 301 300 340 939
327 301 480 349 quando
509 298 578 350 [—
606 321 660 327 —-
680 297 742 350 ve]
770 301 866 340 dicis
892 298 965 350 [-—
987 298 1064 350 —-]
1092 297 1170 350 [——
1191 297 1284 350 ·-];

213 361 297 399 946
313 372 396 410 sqq.
419 357 493 409 [—
501 371 588 398 cum
607 361 691 399 dico
710 363 803 398 et—
753 357 825 410 —]
850 351 935 409 [seu
947 362 1102 408 quis—
1117 361 1222 399 dicat
1239 362 1308 398 aut
1321 347 1396 410 —]
1418 363 1453 398 et
1470 360 1659 406 illud—;

12 452 24 473 z
214 421 426 470 1140sqq.
445 414 1655 474 —ct—fl—(et)—{1—·tunc—atque—-ss—et—

0 476 45 534 *j*
91 484 202 519 et—
227 491 316 518 mox
337 475 353 531 ΙΙ
377 499 432 505 ——
453 482 543 518 ttmc
568 478 689 526 (nunc
712 479 780 527 M)
803 500 854 506 —-
882 499 928 506 —
958 476 973 532 ΙΙ
1000 500 1052 507 —
1078 476 1113 530 ΙΙ
1119 501 1172 506 -
1194 483 1228 519 et
1250 500 1300 506 —
1326 476 1342 532 ΙΙ
1366 493 1445 527 —-‚·

215 539 326 578 1255
343 551 400 590 sq.
428 559 478 565 -
509 540 607 578 dixit
632 537 703 589 [—
731 537 802 588 —-]
831 537 908 589 [—
927 538 1054 589 et——]
1082 540 1187 579 dixit
1213 553 1291 587 —‚·

211 599 324 638 2915
340 611 424 649 sqq.
451 598 559 648 Quae
582 599 757 638 Flaccus
784 594 953 650 variatl)
979 601 1062 638 suis
1087 600 1218 648 epodis

449 670 554 698 nunc
577 671 700 697 amum
722 660 898 698 recinens
922 660 1010 698 dato
1028 660 1179 708 priori,

450 730 555 757 nunc
579 719 688 757 binos
708 720 890 767 yeminis,
917 720 1040 758 tribus
1063 719 1123 757 vel
1146 730 1288 762 unum,

452 781 521 817 aut
545 779 654 817 binos
677 779 788 817 varie
811 779 916 817 dedit
938 781 1119 817 sonantes
1144 790 1172 816 e.
1193 791 1227 826 q.
1247 791 1278 817 s.

0 875 32 923 ³²,ss
207 863 295 903 Hac
318 863 448 913 igitur
472 874 516 901 re
534 863 615 902 stili
639 863 766 901 levare
791 863 968 901 siccioris
989 863 1158 901 taedium
1178 862 1318 902 voluit.
1358 862 1460 901 Nam
1487 862 1658 901 variatio

29 950 31 952 -
90 923 273 963 delectat.
427 960 430 962 .

206 991 290 1034 Ceu
314 1007 403 1033 eum
435 993 515 1034 ind.
545 995 612 1042 17,
641 995 738 1042 172,
767 993 903 1044 2095,
935 1005 1025 1032 cum
1050 993 1148 1032 coni.
1176 994 1250 1044 82,
1278 995 1359 1032 761
1395 987 1658 1046 (quamquam

88 1057 175 1106 ipsa
209 1054 409 1106 particula
446 1055 493 1092 ut
533 1052 809 1093 coniunctivus
846 1054 1063 1103 poneretur
1100 1065 1180 1091 non
1215 1047 1385 1106 effecit),
1419 1052 1504 1091 sine
1535 1054 1656 1092 verbo

27 1134 31 1155 1
87 1115 199 1154 finito
227 1115 312 1153 364
335 1130 389 1145 =
414 1115 540 1165 1312,
568 1114 695 1164 2742,
724 1113 851 1152 2862.
903 1111 1031 1158 Quam
1056 1112 1297 1163 particulam
1321 1113 1492 1162 praeter
1516 1114 1656 1163 poetas

88 1187 180 1214 raro
207 1173 297 1213 Sen.
325 1175 368 1212 et
394 1173 517 1222 Suet„
541 1171 864 1223 frequentissime
888 1171 990 1210 Plin.
1016 1171 1058 1210 in
1082 1171 1131 1211 N.
1158 1171 1209 1210 H.
1234 1172 1496 1211 admiserunt.

207 1230 306 1272 Cum
330 1232 410 1274 ind.
436 1245 564 1283 praes.
590 1244 661 1282 pro
686 1231 762 1271 fut.
787 1231 910 1283 regit:
949 1233 1035 1271 604
1068 1231 1109 1270 U
1129 1232 1253 1277 dabit,
1286 1244 1372 1271 cum
1398 1243 1565 1271 consona
1590 1235 1656 1277 cst,

1 1274 19 1344 >s
87 1307 160 1346 pro
190 1293 292 1344 perf.
319 1293 401 1333 641
429 1294 529 1332 sicut
551 1293 581 1331 Ι
603 1293 661 1331 bis
678 1293 850 1340 profuit,
883 1303 969 1330 cum
992 1293 1091 1340 facit
1115 1292 1269 1340 lonqam
1285 1293 1481 1341 priorem:
1514 1292 1658 1331 Troia

15 1352 23 1356 “
87 1355 224 1393 Maia
258 1356 292 1392 et
324 1354 439 1397 talia,
476 1352 661 1391 futurum
695 1351 893 1390 modalem
930 1352 1013 1390 978
1051 1354 1210 1390 tenent.
1236 1381 1245 1390 .
1335 1353 1391 1390 sic
1425 1354 1458 1390 et
1483 1350 1535 1396 A,
1571 1364 1658 1390 cum

14 1439 15 1442 =
84 1414 224 1464 ulans
250 1414 332 1452 crit.
382 1411 440 1451 cf.
468 1424 569 1463 quae
594 1426 631 1462 p.
654 1412 737 1451 345
754 1423 812 1461 sq.
838 1410 930 1475 dixi.

205 1496 366 1535 Addere
391 1508 457 1535 eos
482 1495 591 1534 locos
616 1495 748 1546 liceat,
774 1494 921 1544 quibus
947 1494 1029 1533 vim
1055 1494 1268 1533 locativam
1295 1493 1481 1532 retinuit:

209 1581 322 1620 1178
348 1583 391 1619 ut
414 1592 538 1629 supra
562 1580 721 1623 ostendi,
748 1591 834 1617 cum
859 1579 983 1617 scire
1006 1607 1159 1618 .....
1185 1579 1288 1625 dixu·

12 1679 13 1682 ,
210 1640 323 1679 1815
340 1652 396 1691 sq.
425 1642 538 1688 atque
561 1639 626 1678 ille
642 1641 761 1688 poeta
779 1639 961 1677 Faliscus
986 1637 1088 1686 (scil.
1110 1639 1363 1687 anapaestica
1382 1638 1514 1677 dulcia
1532 1641 1656 1676 metra

0 1671 21 1763 ἑ
89 1699 241 1749 edidit),
269 1711 355 1739 cum
380 1700 532 1738 ludicra
557 1700 737 1738 carmina
754 1699 915 1748 panqitj·
950 1710 1053 1737 uva
1079 1729 1087 1737 .
1114 1728 1123 1736 .
1150 1727 1158 1735 .
1186 1729 1194 1736 .
1221 1709 1346 1737 anno
1385 1691 1452 1750 (cf.
1482 1711 1516 1736 v.
1542 1699 1656 1736 1820

0 1765 9 1819 ξ
89 1761 184 1800 libro
209 1771 355 1809 quoque
379 1760 477 1798 dixit
501 1752 669 1812 eodem)3

209 1819 322 1859 1885
338 1831 423 1869 sqq.
459 1820 617 1857 memini
645 1818 829 1866 hymnum
859 1817 1073 1856 Battiaden
1103 1817 1252 1856 Phoebo
1283 1819 1459 1855 cantasse
1482 1817 1655 1865 Iovique,

0 1886 11 1940 ζ
81 1882 278 1930 pastorem
308 1878 538 1918 Branchum
563 1890 650 1917 cum
675 1880 810 1940 captus
838 1889 970 1916 amore
992 1878 1139 1926 pudico
1168 1877 1354 1925 fatidicas
1385 1878 1505 1915 sortes
1529 1877 1657 1916 docuit

88 1940 306 1989 depromere
329 1939 486 1985 Paean,-

207 1999 321 2038 2852
333 2010 390 2049 sq.
414 1998 483 2037 hoc
509 1991 676 2051 (metro)
701 1997 905 2035 Petronius
935 1997 1131 2035 invenitur
1156 2008 1269 2040 usus,
1295 1996 1428 2035 Musis
1453 2007 1540 2035 cum
1565 1997 1655 2046 lyri-

89 2071 177 2099 cum
198 2059 318 2107 refert
342 2058 501 2097 eundem
525 2058 777 2096 consonantia
801 2057 917 2095 verba
942 2057 1158 2095 cantitasse.

205 2113 370 2158 Dehinc
399 2118 511 2156 1486
537 2118 709 2165 sequitur
733 2116 866 2155 dehinc
890 2117 1052 2154 iambus.
1097 2115 1151 2154 Et
1176 2112 1311 2154 dehinc
1336 2117 1377 2153 et
1401 2116 1536 2154 dehinc
1556 2117 1655 2166 opti-

92 2177 169 2217 mis
193 2177 321 2228 poetis
345 2177 389 2215 in
411 2188 488 2216 usu
514 2178 639 2215 erant.

207 2233 317 2276 Dein
345 2237 428 2276 195
455 2230 498 2290 (e
523 2236 621 2275 coni.
642 2229 770 2287 Sant.)
798 2236 894 2282 669,
924 2235 1049 2284 1361,
1078 2234 1205 2282 1412,
1226 2234 1353 2283 1478,
1376 2235 1502 2282 2153,
1524 2235 1651 2273 2978.

88 2297 204 2341 Dein,
223 2297 369 2340 deinde,
389 2296 564 2344 deinceps
581 2293 803 2345 particulae
822 2295 984 2343 praeter
995 2307 1032 2332 v.
1051 2294 1162 2333 1382
1177 2291 1359 2342 (de-mdo)
1380 2293 1551 2331 diductis
1575 2294 1655 2345 syl-

89 2355 191 2395 labis
228 2354 503 2405 invexfiuntur,
542 2354 647 2405 quod
684 2355 787 2392 teste
823 2353 868 2392 L.
902 2352 1095 2392 Muellero
1132 2366 1170 2403 p.
1204 2353 1288 2391 265
1327 2351 1503 2401 primum
1548 2353 1655 2402 apud

90 2414 375 2454 Terentianum
401 2414 551 2453 factum
579 2415 651 2452 est.
679 2412 756 2451 Sed
781 2425 860 2452 non
886 2412 1013 2451 multo
1040 2413 1133 2462 post
1159 2412 1282 2451 ceteri
1307 2411 1459 2462 passim
1485 2411 1656 2451 diaeresi

92 2473 155 2513 usi
181 2475 286 2514 sunt.

36 2532 38 2535 ’
208 2528 415 2583 Deinceps
443 2533 526 2572 207
542 2532 770 2578 =dcindc;
796 2532 844 2570 cf.
870 2531 997 2570 Krebs
1024 2530 1065 2569 in
1090 2531 1128 2569 h.
1149 2544 1206 2570 v.-
1232 2525 1439 2580 ‘Deinceps
1466 2530 1656 2570 bedeutet

90 2592 142 2631 N.
166 2593 213 2631 K
216 2593 238 2631 l
266 2592 326 2631 oft
350 2604 427 2630 nur
451 2591 629 2635 nachleer,
657 2591 720 2628 ffir
745 2591 891 2634 deinde,
911 2585 1075 2639 postea?

210 2646 369 2690 Deinde
395 2651 494 2700 430,
522 2651 620 2701 708,
646 2651 742 2698 861,
772 2650 899 2700 1503,
927 2650 1037 2689 1601
1076 2648 1179 2698 (post
1201 2642 1289 2688 hinc
1313 2648 1487 2697 deinde),
1520 2631 1658 2689 deinde

95 2711 221 2750 1382.
258 2710 318 2749 De
342 2722 379 2749 v
402 2711 511 2749 1601
542 2709 589 2748 ef.
617 2709 744 2747 Krebs
770 2709 812 2747 in
837 2709 874 2747 h.
895 2721 948 2747 v.:
975 2704 1063 2747 ‘.Kl
1089 2708 1176 2747 sind
1202 2709 1336 2747 deinde
1352 2711 1535 2757 postea..
1552 2710 1655 2749 ‚und

43 2780 46 2783 ·
93 2770 226 2810 deinde
251 2770 303 2809 ad
328 2772 536 2809 extremum
562 2798 711 2807 .....
765 2767 918 2807 Andets
944 2767 998 2807 ist
1024 2780 1065 2806 es
1092 2767 1166 2807 mit
1189 2771 1280 2816 post
1313 2768 1450 2807 deinde
1475 2768 1538 2807 bei
1565 2768 1655 2808 Ter.

216 2921 250 2964 1)
273 2917 346 2955 hoc
369 2920 435 2956 aut
459 2919 575 2955 variet
599 2929 667 2969 pre
692 2918 794 2954 varie
819 2916 975 2954 conicio.
