1942 3262
503 129 559 166 De
583 128 798 165 Terentiani
822 140 989 166 sermone
1015 131 1055 165 et
1079 130 1216 166 aetate.
1551 130 1638 172 297

77 242 217 294 videri,
243 244 291 282 ut
315 242 436 282 etiam
461 242 502 280 in
528 255 592 282 vv.
615 243 727 282 1973
748 244 790 282 et
811 243 924 282 2528
951 242 1157 292 proprium
1182 243 1256 282 hoc
1282 243 1404 282 verbo
1430 246 1650 294 poetarum

77 315 204 353 genus
231 302 446 354 significari
471 315 551 342 non
575 302 790 341 temeraria
812 302 864 341 sit
883 302 1092 341 sententia.
1138 303 1200 342 Ab
1220 303 1349 341 altera
1368 305 1504 342 autem
1523 306 1637 354 parte

78 362 186 412 apud
217 361 446 401 Diomedem
481 361 549 401 Gr.
575 362 619 400 L.
645 362 664 400 I
691 363 794 413 514,
815 362 870 401 23
904 355 1136 415 (postquam
1172 362 1292 412 paulo
1331 364 1422 401 ante
1454 362 1638 414 Serenus,

78 421 307 461 Terentiani
333 421 510 472 aequalis
525 417 569 473 ¹),
595 422 928 461 commemoratus
955 416 1027 474 sit)
1054 424 1094 460 et
1120 423 1218 473 516,
1240 423 1294 460 24
1322 424 1363 460 et
1389 423 1486 473 517,
1507 423 1531 461 3
1559 425 1637 461 ter-

76 481 228 519 minum
254 481 353 520 artis
378 483 556 520 neoterici
579 481 673 531 legi.
723 481 807 520 Hos
832 480 969 531 igitur,
995 493 1084 519 cum
1111 484 1242 520 certus
1263 483 1471 532 statusque
1498 494 1636 521 sensus

75 540 210 580 verbis
241 541 355 592 insit,
386 540 544 580 eosdem
577 553 663 579 esse
695 553 792 591 quos
824 540 1089 579 Terentianus
1121 541 1286 580 novellos
1318 536 1635 595 appellaverit2).

195 599 272 638 Sed
298 612 388 639 cum
407 600 503 639 haec
522 600 810 650 probabilitate
830 600 1000 650 quadam
1020 612 1100 639 non
1120 603 1292 651 careant,
1311 613 1414 650 quae
1434 599 1483 639 de
1502 603 1635 639 aetate

77 660 286 709 poetarum
323 659 570 698 novellorum
609 659 769 698 Schultz
807 659 1028 708 contendit,
1065 659 1145 698 iam
1178 672 1257 699 non
1295 660 1428 698 omnia
1465 660 1635 710 probare

74 731 248 768 possum.
293 719 398 757 Nam
433 718 536 768 quod
568 717 688 757 Gellii
712 719 841 757 locum
862 718 961 757 XIII
982 720 1049 769 27,
1077 720 1101 758 3
1130 721 1170 758 et
1196 718 1323 758 Servii
1349 719 1399 758 ad
1424 718 1636 759 Aen.VIII

78 780 160 818 731
188 778 485 817 adnotationem
512 790 533 816 e
554 777 683 817 Probo
709 780 910 828 sumptam
937 778 987 816 ad
1013 778 1174 817 eosdem
1199 778 1326 817 refert
1350 780 1393 817 et
1416 779 1490 817 hoc
1515 791 1634 828 argu-

75 839 209 876 mento
230 850 324 876 usus
344 839 483 887 poetas
503 837 681 876 novellos
701 837 792 875 inde
813 837 863 876 ab
884 850 986 877 anno
1005 837 1048 876 L.
1070 838 1154 876 fere
1174 849 1299 887 usque
1320 838 1369 876 ad
1390 850 1537 876 annum
1557 837 1635 878 CL.

75 897 199 936 fuisse
224 897 447 947 contendit,
477 898 584 935 recte
610 909 635 935 a
658 896 792 935 Leone
819 897 955 935 Herm.
980 896 1111 935 XXIV
1134 898 1218 936 294
1245 896 1335 936 adn.
1363 899 1387 935 2
1415 897 1477 935 his
1502 898 1636 936 verbis

74 956 326 1006 vituperatus
345 958 425 995 est:
452 956 528 994 Die
547 955 687 994 Stellen
712 968 786 994 aus
803 956 966 1005 Probus,
991 956 1134 1007 iuquit,
1158 968 1208 995 zu
1231 957 1360 1005 Verqil
1383 958 1466 995 und
1486 956 1637 996 Gellius

73 1017 255 1054 beweisen
285 1016 434 1064 freilicle
465 1016 610 1061 niehts‚·
646 1017 702 1053 sie
734 1016 912 1062 betreffen
943 1016 1005 1054 die
1029 1012 1233 1063 νεώτεροι
1266 1017 1334 1054 der
1358 1016 1636 1061 Homerkritik,

73 1075 156 1114 ami
178 1087 221 1114 so
246 1076 345 1114 wircl
369 1087 410 1114 cs
433 1075 674 1123 ezceifclhast,
701 1076 745 1113 ob
770 1074 1023 1124 Pomponius,
1053 1074 1197 1113 Seneca
1221 1076 1304 1114 und
1327 1076 1466 1114 Peto-on
1490 1087 1540 1114 ,eu
1565 1077 1638 1114 (len

72 1134 265 1173 Neoterici
286 1128 502 1185 yeleoren.³)

193 1193 271 1232 Sed
302 1193 614 1244 disputationem
648 1205 760 1231 suam
787 1193 947 1232 Schultz
979 1206 1026 1232 ea
1051 1206 1095 1232 re
1121 1193 1347 1233 confirmari
1371 1195 1500 1244 putat,
1527 1194 1632 1244 quod

75 1253 341 1292 Terentianus
367 1252 594 1291 Annianum
615 1251 735 1291 Gellii
759 1253 966 1302 aequalem
976 1247 1012 1307 4)
1037 1253 1166 1302 poetis
1192 1253 1361 1292 novellis
1386 1253 1634 1292 adnumeret.

75 1312 178 1351 Huic
210 1313 315 1351 enim
353 1312 424 1351 illa
454 1313 564 1351 docta
594 1313 756 1351 Falisca
787 1325 811 1350 a
842 1312 1080 1351 Terentiano
1112 1326 1146 1352 v.
1177 1313 1289 1352 1998
1327 1315 1637 1352 commemorata

74 1374 211 1410 contra
235 1372 535 1410 Lachmannum
565 1371 659 1410 Luc.
685 1371 856 1410 Mueller
881 1372 923 1410 in
949 1372 1050 1411 Mus.
1076 1372 1198 1411 Rhen.
1227 1372 1338 1410 XXV
1358 1373 1441 1411 337
1459 1385 1544 1423 sqq.
1574 1385 1635 1411 ac-

73 1433 212 1470 curata
249 1431 367 1470 huius
413 1430 490 1470 loci
534 1433 575 1469 et
618 1443 755 1470 versus
794 1432 906 1470 1816
951 1431 1281 1482 interpretatione
1324 1431 1514 1470 instituta
1547 1432 1634 1470 iure

73 1490 260 1530 attribuit
285 1492 326 1529 et
350 1490 618 1540 posteriorum
643 1490 691 1528 de
718 1491 860 1529 horum
886 1503 1074 1529 versuum
1099 1492 1261 1529 auctore
1287 1490 1517 1529 testimonia
1542 1493 1588 1530 ut
1613 1504 1635 1530 e

74 1549 314 1589 Terentiano
351 1562 492 1600 parum
532 1549 734 1589 intellecto
767 1551 927 1600 sumpta
957 1550 1058 1588 nihil
1089 1550 1224 1589 valere
1256 1550 1442 1589 ostendit.
1499 1551 1634 1601 Atque

73 1622 312 1660 quamquam
343 1609 503 1648 Schultz
541 1621 805 1659 praepropere
842 1610 1047 1648 contendit
1084 1610 1153 1659 qui
1185 1609 1362 1648 carmina
1391 1613 1511 1649 novet
1543 1622 1632 1648 eum

195 1737 229 1777 1)
256 1734 309 1770 Cf.
334 1746 370 1771 v.
397 1738 509 1770 1891:
534 1734 732 1780 Septimius
755 1735 821 1779 qui
843 1735 993 1780 scripsit
1016 1735 1192 1781 opuscula
1217 1746 1345 1779 nuper.

192 1783 228 1825 2)
256 1781 453 1818 Frontonis
479 1782 603 1817 locum
627 1794 663 1827 p.
692 1784 759 1817 153
784 1782 838 1817 N:
864 1782 1017 1818 elocutio
1041 1783 1182 1818 novella
1209 1781 1360 1817 Schultz
1383 1781 1562 1827 neglexit.

191 1829 228 1876 3)
251 1829 330 1865 Hoc
350 1829 448 1864 enim
469 1829 621 1865 Schultz
649 1828 899 1865 contenderat.
934 1829 1007 1865 Sed
1026 1829 1241 1866 Petronium
1268 1841 1291 1866 a
1308 1829 1533 1866 Terentiano
1558 1841 1633 1866 non

41 1919 46 1924 ι
71 1876 112 1912 in
135 1886 264 1912 eorum
289 1887 443 1912 numero
468 1876 600 1912 haberi
624 1875 700 1912 iam
726 1886 747 1912 e
772 1889 831 1912 vv.
858 1880 951 1913 2528
978 1889 1061 1922 sqq.
1088 1888 1267 1923 apparere
1293 1876 1453 1923 videtur,
1480 1877 1525 1913 cf.
1546 1878 1634 1914 adn.

71 1924 184 1970 paulo
210 1935 323 1970 supra
348 1924 396 1959 ad
420 1937 456 1960 v.
476 1927 567 1959 2531
594 1924 734 1960 datam.
783 1924 908 1969 Atque
934 1924 1050 1960 etiam
1075 1924 1274 1971 Pomponii
1299 1924 1475 1970 aequales
1501 1926 1633 1970 poetas

70 1973 217 2007 veteres
241 1971 434 2008 nominare
452 1971 602 2007 videtur
621 1974 713 2007 1969
728 1982 781 2016 sq.
819 1971 979 2007 Veniam
1001 1972 1100 2007 enim
1118 1973 1227 2018 petit,
1247 1972 1348 2017 quod
1367 1972 1443 2008 iam
1464 1974 1635 2019 exempla.

68 2018 219 2056 novella
243 2018 437 2055 adlaturus
464 2018 524 2055 sit.
573 2019 704 2064 Neque
728 2020 879 2055 omnino
903 2030 971 2065 per
1002 2020 1153 2055 centum
1177 2020 1263 2055 illos
1288 2030 1405 2055 annos
1430 2021 1553 2065 poesis
1578 2020 1634 2056 ita

71 2066 280 2110 constabat,
305 2069 348 2102 ut
372 2078 446 2102 uno
471 2066 621 2102 nomine
647 2067 769 2102 totum
801 2066 895 2102 illud
925 2078 1040 2113 genus
1066 2079 1090 2103 a
1113 2066 1340 2103 Terentiano
1367 2068 1633 2113 comprehendi

69 2114 205 2159 posset.
255 2114 386 2159 Itaque
411 2114 524 2149 etiam
550 2114 621 2149 hoc
641 2113 822 2149 Schultzii
847 2114 988 2150 dictum
1014 2114 1053 2159 (l.
1074 2126 1104 2150 c.
1125 2126 1161 2160 p.
1182 2115 1288 2159 268):
1316 2115 1376 2150 Im
1403 2115 1528 2151 letzten
1547 2115 1634 2152 Vers

67 2161 209 2197 werden
242 2161 360 2197 Varro
392 2162 471 2198 und
495 2161 647 2197 Arbiter
677 2161 896 2198 verbunden.
945 2162 1128 2198 Letzeerer
1158 2163 1206 2198 ist
1238 2162 1416 2198 Vertreter
1448 2163 1513 2199 der
1536 2163 1632 2199 Neo-

68 2209 174 2245 terici
197 2209 425 2244 reiciendum
450 2209 519 2245 est.
571 2209 700 2253 Neque
733 2208 895 2245 concedo
927 2209 976 2244 ad
1002 2209 1165 2245 Senecae
1190 2210 1395 2245 metrorum
1420 2211 1631 2256 anapaesti-

70 2267 198 2292 corum
222 2256 412 2302 exemplar
436 2267 532 2292 saec.
553 2256 598 2291 11.
618 2257 751 2301 poetas
777 2268 845 2292 sua
863 2257 1024 2292 finxisse.
1074 2256 1171 2292 Nam
1192 2256 1354 2293 Senecae
1373 2268 1512 2303 versus,
1532 2258 1632 2302 quod

70 2314 147 2339 non
171 2302 291 2339 solum
310 2302 494 2348 dactylos,
514 2303 579 2339 sed
598 2303 711 2339 etiam
735 2303 849 2339 verba
866 2302 950 2350 ipsa
969 2303 1157 2349 dactylica
1175 2315 1242 2349 pro
1262 2304 1474 2349 anapaestis
1494 2305 1631 2350 posuit,

73 2362 96 2386 a
114 2350 362 2396 posteriorum
382 2352 576 2397 poetarum
597 2351 844 2396 anapaesticis
862 2352 1031 2387 dulcibus
1049 2352 1172 2387 metris
1193 2351 1253 2397 (cf.
1276 2352 1318 2386 T.
1338 2363 1372 2387 v.
1396 2352 1501 2396 1813)
1520 2352 1632 2397 longe

72 2397 211 2434 diversi
235 2399 332 2443 sunt,
357 2398 532 2443 quoniam
557 2397 598 2433 hi
618 2396 731 2434 arsim
751 2398 945 2444 anapaesti
964 2418 1008 2424 —
1028 2398 1187 2434 fortasse
1213 2398 1314 2443 quod
1339 2409 1362 2433 a
1387 2409 1496 2434 versu
1521 2398 1625 2435 hero-

73 2445 131 2480 ico
161 2446 321 2481 metrum
353 2444 634 2491 anapaesticum
659 2445 883 2481 derivabant
905 2466 954 2472 —
978 2446 1017 2481 in
1049 2446 1141 2481 duas
1174 2446 1306 2481 breves
1332 2443 1533 2482 dissolvere
1558 2457 1631 2482 non

73 2492 262 2536 solebant,
293 2491 333 2527 id
365 2492 464 2545 quod
496 2491 656 2528 Senecae
688 2496 842 2539 propter
873 2493 1030 2528 formam
1063 2493 1308 2528 acatalectam
1339 2504 1511 2529 versuum
1543 2505 1631 2530 ana-

72 2539 326 2623 &323505533'
334 2539 1452 2632 23225‘33ssssffffiissssqssfiu‘llmsseffiissffssssassss'esssse⁸333?
1464 2541 1631 2624 322⁰?

73 2634 183 2670 fixum
217 2633 331 2670 fuisse
369 2633 463 2670 mihi
499 2644 575 2669 non
610 2633 722 2679 plane
760 2636 902 2670 certum
939 2634 1004 2678 sit,
1039 2646 1122 2670 cum
1161 2635 1286 2671 Leone
1323 2635 1348 2670 l.
1381 2646 1412 2671 c.
1444 2638 1576 2681 poetas
1607 2647 1631 2672 a

71 2680 296 2718 Terentiano
327 2682 485 2717 novellos
516 2681 727 2717 nominatos
762 2681 988 2727 imperatore
1012 2681 1202 2717 Hadriano
1233 2693 1308 2717 non
1340 2683 1481 2728 priores
1511 2682 1628 2719 fuisse

71 2730 176 2775 puto.
212 2728 344 2773 Neque
371 2727 481 2763 aliter
501 2727 681 2772 Ribbeck,
710 2727 843 2765 Gesch.
864 2729 899 2765 d.
913 2728 1208 2775 rom.Dichtung
1227 2729 1358 2765 111321
1376 2741 1455 2775 sqq.
1474 2729 1629 2767 iudicat.

188 2778 227 2821 4)
254 2775 307 2812 cf.
334 2774 428 2811 Gell.
455 2774 522 2810 XX
549 2779 587 2811 8:
618 2775 821 2812 Annianus
854 2780 963 2821 poeta
993 2777 1035 2812 in
1072 2777 1191 2821 fundo
1221 2788 1305 2821 suo,
1337 2789 1438 2823 quem
1468 2778 1511 2813 in
1541 2789 1630 2825 cyro

71 2822 224 2860 Falisco
245 2824 465 2868 possidebat,
490 2823 633 2868 ayitare
657 2827 736 2859 erat
760 2824 890 2860 solitus
913 2824 1130 2860 vindemiam
1155 2825 1271 2859 hilare
1296 2828 1403 2870 atque
1421 2827 1628 2862 amoeniter.

71 2870 133 2952 <iii
157 2882 215 2907 eos
239 2872 316 2954 «iiis
339 2881 394 2906 me
418 2874 450 2905 et
474 2871 649 2952 quosgarn
674 2871 756 2906 item
783 2871 876 2907 alios
905 2872 1110 2915 familiares
1133 2872 1293 2916 vocavit,
1325 2876 1438 2918 atque
1464 2873 1630 2909 eiusdem

88 2916 100 2928 ’
141 2921 160 2954 7
187 2919 225 2954 et
323 2922 365 2953 10
390 2917 531 2954 mentio
583 2919 609 2952 t.
1435 2947 1437 2949 ,
