1878 3242
4 0 47 318 1

566 162 620 197 De
646 158 860 197 Terentiani
886 172 1055 198 sermone
1082 163 1120 197 et
1145 162 1285 198 aetate.
1613 159 1699 202 365

135 275 248 323 Quod
273 287 515 326 quamquam
539 275 589 313 ab
609 274 717 315 ICtis
743 277 837 315 ante
855 274 1071 326 Ulpianum
1091 275 1262 314 vitatum
1288 276 1350 314 est
1370 269 1437 328 (cf.
1457 274 1573 325 Kalb,
1594 274 1639 313 R.
1655 274 1695 314 J.

132 350 172 387 p.
193 329 322 389 132),
361 336 441 374 iam
476 335 601 374 multo
634 338 727 374 ante
758 348 820 385 ap.
839 335 955 374 Var‘r.
976 335 1296 386 Vergiliumque,
1331 336 1470 384 postea
1502 347 1565 384 ap.
1590 330 1692 373 Plin.

133 395 225 434 mai.
245 395 355 435 Suet.
374 395 479 434 Flor.
501 395 605 434 Eccl.
618 394 838 446 invenitur3
858 395 907 435 cf.
928 395 1108 434 Schmalz
1128 407 1189 444 ap.
1204 395 1272 434 Iw.
1287 395 1337 433 M.
1352 389 1412 433 ΙΙ2
1433 395 1529 441 468,
1552 392 1578 444 ἓ
1594 395 1692 445 205,

132 455 251 494 Hand
264 455 322 493 IV
338 456 435 504 112,
449 454 544 494 Sittl
562 455 603 493 in
616 455 732 495 Burs.
746 468 835 495 ann.
850 455 927 495 vol.
943 457 1009 505 68,
1033 469 1068 505 p.
1086 456 1182 494 238.
1217 453 1293 505 [Cf.
1313 454 1434 493 etiam
1454 454 1574 504 paulo
1594 454 1700 492 infra

133 514 175 553 in
197 528 232 554 v.
251 513 356 565 nem]

252 570 522 625 Nequaquam
548 575 648 615 526.

251 629 412 684 Neque,
450 647 539 673 cum
576 647 644 674 nec
679 634 899 674 innumeris
933 636 1089 685 prestet
1123 634 1329 684 exemplis,
1369 633 1572 673 rarissime
1609 636 1699 683 post

133 695 311 746 Augusti
342 696 524 744 tempora
555 697 696 745 poetae
728 695 994 745 admiserunt,
1033 695 1080 734 cf.
1106 707 1294 734 numeros
1326 706 1350 732 a
1381 693 1476 733 Luc.
1503 692 1698 733 Muellero

133 755 158 794 1.
179 767 211 794 0.
230 768 266 804 p.
289 755 374 794 395
400 755 622 804 congestos.
671 755 813 805 Neque
845 754 962 794 aliter
989 754 1273 804 Terentianus,
1306 753 1385 793 nisi
1412 754 1547 802 fallor,
1581 766 1702 802 neque

133 815 197 854 ter
222 814 357 864 posuit
381 816 502 865 atque
527 814 590 852 bis
616 815 658 853 in
682 814 838 854 ionicis:
867 816 950 853 132
972 816 1013 853 et
1033 816 1160 863 2070,
1187 814 1311 853 semel
1330 814 1371 852 in
1391 813 1561 864 dactylis
1585 815 1698 853 1294

133 873 270 923 (neque
292 894 342 900 —-
364 874 461 922 nec).

250 929 358 972 Neu:
385 934 438 973 68
454 945 511 984 sq.
530 946 578 973 ne
596 955 654 962 -—
674 946 718 973 ve
741 946 816 973 nea
836 955 905 979 —‚
929 935 982 973 74
997 946 1082 984 sqq.
1102 946 1150 973 nc
1168 953 1228 960 --
1245 946 1293 972 nc
1314 930 1388 985 [-—
1404 936 1473 972 aut
1488 931 1561 983 —]
1581 945 1700 972 ne—

132 1005 208 1033 mu
236 1014 285 1020 -
315 989 376 1032 vel
398 1013 446 1020 --
470 1005 562 1039 neu,
590 995 676 1034 850
703 1007 758 1044 sq.
779 991 876 1039 ideo,
901 997 945 1033 at
964 1025 971 1033 .
993 1024 1001 1033 .
1022 1025 1030 1033 .
1055 1006 1142 1033 neu.
1181 992 1332 1032 Contra
1358 994 1443 1032 924
1468 996 1512 1032 ut
1540 1014 1591 1020 —
1619 1006 1699 1038 nec,

137 1054 250 1093 1443
275 1054 398 1102 fuyito
421 1065 490 1092 nec
514 1055 700 1103 repellas;
726 1054 795 1092 sed
820 1054 894 1092 hoc
920 1054 1040 1092 etiam
1061 1052 1139 1092 Cic.
1160 1053 1246 1094 Liv.
1273 1052 1342 1091 alii
1362 1053 1481 1092 multi
1501 1053 1699 1104 dixerunt,

135 1114 182 1153 cf.
209 1113 389 1152 Sehmalz
414 1126 475 1164 ap.
501 1113 571 1153 Iw.
591 1114 643 1153 M.
664 1109 722 1153 II2
742 1114 830 1152 474
851 1112 876 1163 ξ
899 1115 982 1152 212
1004 1115 1046 1152 et
1065 1126 1125 1163 ap.
1145 1111 1276 1152 Krebs
1301 1113 1342 1151 in
1362 1126 1398 1152 v.
1416 1125 1494 1152 nec.

251 1168 305 1211 Ni
338 1185 428 1211 cum
460 1174 560 1212 coni.
588 1175 690 1224 726,
724 1174 828 1224 802,
860 1174 945 1213 933
974 1168 1022 1226 (e
1047 1172 1278 1212 coniectura
1302 1173 1472 1223 palmari
1497 1169 1698 1225 Lachm.);

135 1235 178 1272 ni
203 1245 320 1283 saepe
346 1245 370 1271 a
394 1233 541 1283 poetis,
568 1232 662 1272 Sall.
684 1233 771 1273 Liv.
791 1233 883 1272 Tac.
901 1234 1023 1283 postt.
1042 1232 1268 1272 adhibetur.

253 1287 326 1331 Nil
348 1309 402 1323 =
422 1304 500 1331 non
529 1293 654 1344 1158,
682 1294 807 1341 1196,
837 1294 963 1333 1456.

253 1346 387 1390 Nimis
415 1353 468 1391 75
495 1365 543 1391 ne
563 1354 738 1401 priscum
761 1355 878 1392 nimis
903 1356 972 1392 aut
996 1353 1083 1391 leve.

253 1407 347 1450 Nisi
373 1424 460 1451 cum
488 1411 589 1451 coni.
612 1414 688 1463 98,
723 1414 831 1463 438,
860 1414 961 1460 679,
991 1413 1104 1452 1080
1130 1406 1266 1465 (2003
1293 1412 1400 1462 apud
1426 1406 1703 1466 Septimium);

133 1473 184 1511 cf.
203 1486 241 1522 p.
257 1472 340 1510 347
357 1484 414 1521 sq.
434 1472 471 1510 h.
492 1472 536 1522 l.;
562 1485 650 1510 oum
676 1473 748 1511 fut.
772 1474 884 1512 1087
912 1474 990 1511 nisi
1009 1473 1264 1516 comitabitur,
1290 1473 1449 1518 desinit‚·
1475 1484 1566 1511 cum
1585 1472 1702 1511 indic.

134 1544 262 1582 praes.
279 1532 391 1570 1151
413 1533 492 1570 nisi
510 1533 711 1580 fallimur;
735 1534 814 1571 nisi
832 1533 986 1580 quando
1005 1545 1094 1571 cum
1114 1531 1231 1570 indic.
1245 1545 1303 1582 pr.
1327 1533 1453 1582 1631,
1472 1531 1547 1570 fut.
1569 1533 1702 1582 24423

134 1603 214 1631 non
241 1593 320 1630 nisi
349 1593 451 1642 124,
483 1604 585 1640 qnae
610 1592 733 1631 verba
757 1592 985 1643 coniuncta,
1018 1605 1108 1630 cum
1132 1593 1224 1641 post
1249 1590 1481 1641 Augustum
1505 1604 1586 1630 non
1609 1605 1702 1630 rara
1778 1640 1787 1648 .

139 1651 219 1690 sint
245 1645 312 1704 (cf.
327 1650 446 1689 Hand
458 1650 517 1689 IV
530 1665 566 1701 p.
584 1645 701 1705 251),
726 1650 812 1690 ICti
833 1654 923 1702 post
945 1651 1176 1691 Scaevolam
1196 1651 1357 1690 demum
1378 1653 1418 1690 et
1437 1651 1702 1701 Papinianum

139 1713 386 1761 receperunt.
443 1710 572 1749 Krebs
598 1710 638 1749 in
663 1724 700 1750 v.
726 1713 803 1750 nisi
828 1724 891 1762 ap.
917 1711 1018 1750 Cels.
1046 1711 1134 1749 Seu.
1154 1711 1255 1749 Plin.
1274 1711 1367 1752 mai.
1387 1713 1428 1750 et
1452 1711 1547 1750 min.
1567 1711 1699 1757 Quint.

139 1770 230 1810 Tac.
253 1769 362 1809 Suet.
382 1773 667 1810 commemorat
691 1771 788 1810 haec
813 1772 936 1810 verba
960 1771 1082 1809 nullis
1107 1770 1354 1821 interpositis
1380 1771 1470 1810 aliis
1494 1771 1588 1821 legi.

253 1824 441 1869 Nondum
470 1831 595 1870 2925.
645 1830 705 1869 De
726 1843 758 1870 v.
780 1831 863 1870 896
885 1831 934 1869 cf.
953 1845 991 1881 p.
1012 1832 1099 1870 334
1113 1842 1169 1880 sq.
1189 1831 1226 1869 h.
1247 1831 1273 1870 1.

253 1884 464 1940 Numquid
489 1889 594 1929 Petr.
620 1891 701 1929 766
728 1892 836 1929 recte
861 1890 972 1940 coni„
996 1903 1101 1929 nunc
1125 1892 1218 1939 quid
1241 1891 1301 1930 M.

252 1944 370 1989 Nunc
402 1962 701 1999 nonnumquam
734 1950 815 1989 vim
849 1950 1094 1989 deminutam
1121 1949 1261 2002 habet,
1292 1952 1340 1989 ut
1365 1950 1419 1989 sit
1443 1950 1468 1990 i.
1489 1964 1525 2000 q.
1550 1951 1612 1990 hic
1636 1952 1701 1991 vel

134 2011 177 2049 in
200 2010 269 2048 hoc
287 2010 454 2058 cample
473 2010 519 2048 ut
540 2010 637 2058 695,
659 2010 756 2061 756,
780 2011 876 2061 767,
899 2011 996 2063 794,
1018 2011 1150 2059 1272;
1175 2022 1279 2049 nanc
1298 2022 1384 2049 cum
1406 2011 1518 2050 1169
1539 2010 1699 2061 legitur.

133 2069 251 2109 Nunc
271 2090 323 2096 —
346 2081 461 2114 nunc,
487 2069 593 2119 quod
612 2069 875 2108 Terentianus
897 2072 979 2109 361
1004 2086 1059 2100 ==
1082 2071 1208 2119 1309,
1236 2071 1333 2118 834,
1361 2071 1458 2120 888,
1487 2071 1600 2109 2916
1614 2083 1698 2121 sqq.

135 2128 257 2177 (nunc
281 2150 327 2156 --
351 2141 455 2168 nanc
472 2150 521 2156 —-
539 2130 598 2168 vel
610 2149 666 2156 -—
681 2129 767 2178 aut)
788 2130 920 2181 habet,
940 2130 1092 2180 primus
1112 2129 1323 2168 Lucretius
1344 2130 1564 2181 usurpavit,
1584 2144 1703 2181 quem

136 2187 257 2238 Verg.
283 2188 368 2228 Liv.
394 2189 510 2239 pauci
545 2189 757 2238 scriptores
782 2188 902 2238 primi
927 2202 963 2238 p.
991 2187 1082 2227 Chr.
1108 2201 1146 2226 11.
1173 2200 1290 2239 saec„
1323 2189 1480 2238 saepius
1506 2189 1701 2239 Apuleius

136 2246 289 2287 Gellius
310 2248 584 2287 Tertullianus
605 2248 732 2287 secuti
752 2250 861 2299 sunt,
888 2249 936 2287 of.
958 2248 1020 2286 W.
1040 2247 1088 2286 A.
1109 2247 1149 2286 II
1170 2249 1254 2286 242
1272 2261 1341 2298 sq„
1361 2248 1430 2287 Iw.
1454 2249 1503 2287 M.
1523 2244 1583 2287 112
1602 2251 1702 2300 462,

251 2362 394 2418 Nuper
420 2368 531 2407 1891
561 2367 770 2418 Septimius
794 2370 860 2416 qm·
884 2369 1040 2416 scripsit
1064 2367 1249 2416 opuscula
1272 2379 1408 2416 nuper.

257 2421 364 2466 Olim
391 2428 474 2466 172
507 2439 574 2466 ceu
606 2428 720 2476 lonya
744 2429 789 2475 fit
813 2428 904 2466 olim
930 2428 1100 2475 quotiens
1124 2428 1225 2466 duae
1249 2430 1471 2475 sequuntur.
1521 2426 1585 2466 Ita
1610 2428 1701 2467 olim

138 2497 163 2524 a
180 2484 326 2525 Plauto
345 2485 465 2536 Verg.
485 2486 581 2526 Hor.
602 2485 674 2526 Ov.
695 2487 744 2525 al.
770 2487 1045 2538 imprimisque
1064 2487 1106 2525 in
1126 2486 1316 2536 exemplis
1337 2486 1563 2526 auferendis
1583 2500 1699 2526 usur-

135 2546 265 2594 patur.
314 2544 362 2584 In
389 2558 426 2584 v.
449 2546 532 2584 272
553 2546 675 2584 Briss.
696 2547 787 2585 olim
810 2546 1074 2596 probabiliter
1097 2545 1276 2585 inseruit.

254 2599 389 2643 Paene
416 2607 470 2644 est
493 2607 535 2643 ut
555 2622 610 2636 -—-
631 2606 712 2653 fere
730 2607 775 2653 fit
798 2608 842 2644 ut
868 2607 1000 2654 16973
1027 2605 1076 2645 cf.
1095 2604 1241 2655 Draeg.
1262 2605 1302 2643 II
1324 2607 1421 2644 267.

254 2659 399 2703 Palam
425 2667 479 2703 est
503 2665 588 2703 405
616 2677 704 2703 cum
730 2677 808 2703 acc.
835 2666 876 2703 et
900 2664 981 2714 inf.,
1015 2666 1101 2704 860
1126 2666 1227 2713 quod
1251 2666 1391 2714 palam
1418 2666 1599 2714 coecmplis
1618 2668 1700 2710 crit,

134 2723 254 2763 2840
284 2724 425 2772 palam
460 2726 514 2762 est
542 2725 733 2773 profecto,
772 2725 872 2772 quod
905 2726 954 2763 sit
981 2736 1054 2773 pes
1088 2728 1333 2773 anapaestus.
1385 2723 1442 2763 Cf.
1462 2723 1592 2764 Krebs
1613 2737 1642 2764 s.
1663 2739 1700 2765 v.

138 2776 245 2828 ‘Rea
271 2783 420 2832 aliquid
436 2784 577 2831 palam
602 2779 670 2822 est'
698 2783 786 2822 sind
812 2783 1047 2823 Ausdrucke
1073 2784 1142 2822 des
1167 2784 1371 2834 tagliehen
1396 2783 1552 2824 Lebens
1580 2802 1635 2816 =
1663 2797 1702 2824 cs

138 2842 189 2880 ist
212 2842 388 2892 bekannt,
413 2842 472 2880 oft
497 2842 560 2881 bei
586 2842 756 2881 Plautus
783 2843 864 2881 und
891 2843 1042 2882 Terenz
1068 2843 1152 2882 und
1177 2843 1322 2882 einmal
1347 2843 1449 2882 auch
1474 2844 1537 2882 bei
1564 2843 1700 2885 Cicero

138 2893 206 2954 (ef.
228 2901 350 2940 etiam
376 2901 547 2952 Rebling
572 2916 610 2952 p.
634 2897 717 2955 11).
756 2902 815 2941 De
842 2916 876 2941 v.
905 2904 1019 2942 2840
1045 2903 1093 2942 cf.
1114 2916 1150 2953 p.
1173 2904 1259 2943 350
1273 2916 1329 2954 sq.
1381 2902 1441 2942 Cf.
1461 2903 1583 2943 etiam
1611 2917 1639 2944 s.
1661 2918 1698 2945 v.

131 2957 354 3010 propalam.
