1878 3242
525 150 579 187 De
604 148 819 186 Terentiani
844 160 1012 187 sermone
1039 151 1077 186 et
1101 151 1236 187 aet-ate.
1571 149 1655 191 327

214 260 366 308 Quivis
396 266 527 304 1697:
560 275 729 313 namque
753 275 798 303 ex
814 264 1029 313 praedietis
1047 275 1174 312 paene
1198 266 1252 303 est
1274 266 1318 302 ut
1341 263 1477 312 reyula
1501 265 1658 312 quaevis

97 325 252 364 inventa
275 336 428 364 versum
453 325 675 373 comprobet.

215 379 300 422 Sui.
352 383 572 423 Pronomen
597 383 827 422 reflexivum
852 394 877 421 a
902 381 1143 421 Terentiano
1170 381 1222 421 ad
1252 381 1450 421 actionem
1480 382 1652 432 recipro-

95 456 181 483 cam
207 443 503 494 exprimendam
522 442 746 482 adhibetur.
781 442 886 481 Nam
905 454 1006 492 quae
1026 442 1178 481 formae
1198 442 1303 491 apud
1324 441 1510 492 antiquos
1529 454 1655 493 usque

96 503 147 542 ad
171 502 330 543 Livium
362 503 674 553 praevaluerunt
698 522 753 529 —
783 496 827 555 1)
853 503 955 541 inter
985 513 1042 546 se,
1081 501 1185 551 quod
1217 503 1357 551 postea
1386 513 1465 540 non
1495 501 1573 540 nisi
1605 503 1656 541 ab

96 562 338 613 Hieronymo
374 562 573 602 Ciceronis
611 561 812 600 imitatore
846 562 888 600 et
923 561 974 600 ab
1007 559 1114 599 ICtis
1148 559 1421 612 grammaticis
1454 560 1655 600 historicis

94 622 338 672 praesertum
378 616 424 675 2)
451 623 548 661 alter
578 622 758 673 alterum,
791 621 893 659 alias
918 621 1060 664 aliam,
1088 620 1269 659 alteruter
1293 621 1474 671 alteram,
1498 624 1656 669 aterque

95 682 269 726 alterum,
282 684 437 729 uterque
448 684 651 729 utrumque
663 680 759 730 alia3
775 674 821 733 3)
837 679 1090 719 substantiva
1102 680 1275 730 repetite.
1284 681 1331 718 ut
1342 681 1405 719 vir
1413 681 1542 719 virum
1550 675 1584 732 ι)
1599 701 1651 708 ——

95 740 198 790 quod
225 741 266 778 iu
292 741 507 779 cottidiano
534 739 764 779 Terentiani
790 751 970 778 sermone
996 734 1202 792 desunffl),
1227 751 1307 778 non
1332 739 1477 777 mirum
1503 740 1575 778 est.

213 798 290 838 Sed
315 813 386 850 pro
411 802 511 839 inter
534 811 574 838 se
599 799 765 848 simplex
790 810 1007 848 pronomen
1034 798 1264 837 reflexivum
1290 798 1396 849 apud
1420 798 1545 838 verba
1563 811 1653 838 con-

95 858 284 910 iungendi
309 858 562 909 disiungendi
587 858 733 897 similia
757 857 982 908 legitimum
1009 870 1097 897 esse
1124 856 1164 897 O.
1188 852 1382 909 Goebel2)
1408 858 1654 897 demonstra-

94 918 170 966 vit,
208 918 344 968 itaque
382 919 478 957 haec
510 917 739 956 Terentiani
771 917 950 967 exempla
982 917 1136 955 urbana
1168 919 1277 956 sunt:
1318 918 1373 956 60
1398 919 1551 957 iunctae
1580 919 1655 957 sibi

93 978 280 1026 syllabae,
316 978 427 1017 1013
460 979 572 1026 aptas
601 979 746 1015 natura
781 977 937 1025 iunqere
960 987 1106 1020 sesam,
1137 977 1250 1015 1260
1275 988 1373 1024 qaae
1395 988 1524 1015 seeum
1548 978 1658 1026 ianyi

87 1039 264 1086 possunt,
292 1038 403 1076 1331
430 1038 511 1075 sive
527 1037 707 1085 praesint
731 1036 844 1074 alteri
868 1036 927 1074 vel
949 1036 1024 1074 sibi
1049 1047 1135 1074 cam
1159 1036 1401 1084 copulantur.

211 1095 383 1146 Reliqua
408 1097 543 1134 autem
566 1095 790 1144 reciprocae
816 1095 996 1144 exempla
1021 1094 1188 1133 actionis
1214 1096 1309 1133 sunt
1333 1095 1451 1134 haec:
1489 1097 1542 1135 15
1568 1107 1654 1135 ner-

92 1156 152 1194 vis
180 1156 358 1194 mollibus
388 1157 549 1194 invicem
572 1156 729 1199 iunctis,
765 1155 877 1194 1395
903 1157 947 1192 at
969 1155 1090 1202 pedes
1118 1155 1194 1193 sibi
1216 1157 1420 1193 recursant
1443 1157 1657 1203 temporum

95 1215 250 1254 adversi
267 1216 358 1260 vice,
388 1215 501 1253 1413
527 1215 685 1253 nomina
708 1216 856 1252 vertens
880 1214 1061 1257 vicissim,
1089 1214 1202 1253 1898
1228 1215 1302 1252 sibi
1326 1215 1496 1253 vicissim
1515 1215 1654 1259 cedere,

98 1274 210 1313 2039
237 1285 334 1322 qaae
357 1275 503 1313 vicibus
533 1276 704 1321 tempora
735 1274 989 1324 commodant,
1030 1274 1139 1312 2071
1173 1284 1293 1321 neque
1324 1274 1462 1312 cedant
1495 1276 1656 1322 repetita

95 1334 175 1371 vice
194 1333 328 1382 lonqae
346 1334 532 1377 brevibus,
560 1333 673 1371 2334
693 1335 850 1380 uterque
868 1334 961 1381 quia
978 1333 1054 1371 sibi
1073 1335 1127 1371 est
1144 1334 1375 1376 contrarius,
1397 1327 1532 1386 (2880
1551 1345 1655 1373 nanc

95 1392 230 1442 lonqas
254 1393 430 1432 brevibus
455 1393 654 1440 brevesque
679 1395 812 1431 contra
837 1393 989 1430 alterna
1013 1393 1094 1430 viee
1118 1393 1390 1431 commodando
1416 1388 1569 1444 lonyis).

213 1451 436 1491 Pronomen
454 1451 685 1491 reflexivum
703 1450 784 1490 iam
803 1451 909 1501 apud
922 1450 1147 1500 Vergilium
1161 1450 1375 1491 Horatium
1395 1451 1494 1491 alios
1513 1452 1654 1501 poetas

93 1510 314 1561 invenitur,
354 1513 494 1561 postea
524 1511 630 1561 apud
660 1505 938 1563 Apuleiumss),
977 1509 1102 1550 verba
1131 1512 1292 1550 invicem
1322 1512 1492 1550 vicissim
1522 1515 1655 1551 mutae

95 1569 186 1609 inde
219 1568 388 1610 a‘Livio
420 1572 681 1621 usurpantur,
712 1569 907 1619 imprimss
938 1570 1075 1608 autem
1105 1569 1197 1608 inde
1235 1570 1286 1608 ab
1323 1570 1452 1609 altere.
1483 1583 1583 1610 saec.
1615 1585 1652 1621 p.

97 1628 188 1669 Chr.
213 1642 251 1668 n.
271 1629 322 1669 II.
341 1630 467 1679 parte.
518 1628 577 1668 Cf.
601 1629 675 1668 Ph.
703 1629 955 1679 Thielmann‚
982 1624 1085 1667 ‘Der
1109 1628 1250 1668 Ersatz
1277 1629 1346 1668 des
1372 1629 1653 1679 Reciprocums

97 1689 153 1727 im
173 1688 326 1728 Latein.
347 1689 388 1726 in
407 1689 527 1727 Arch.
552 1688 578 1726 f.
598 1689 668 1727 lat.
688 1687 891 1738 Lexicogr.
913 1687 993 1726 VII
1013 1689 1259 1727 343—388.
1292 1687 1351 1728 Of.
1378 1689 1499 1728 etiam
1523 1689 1653 1730 Krebs

96 1760 126 1787 s.
146 1761 182 1787 v.
207 1748 325 1787 vicis:
355 1743 474 1787 ‘Erst
498 1748 572 1786 mit
595 1747 731 1786 Livius
756 1747 888 1786 finden
913 1747 986 1786 wir
1010 1749 1052 1786 in
1075 1749 1213 1792 vicem,
1239 1748 1430 1787 zunschst
1453 1749 1555 1788 noch
1579 1749 1654 1788 mit

95 1809 195 1845 inter
218 1819 259 1846 se
281 1806 524 1858 verbunden,
548 1820 634 1845 zum
662 1807 872 1846 Ausdruck
897 1806 966 1845 des
991 1806 1226 1857 reciproken
1251 1806 1548 1847 Verhfiltnisses
1571 1840 1579 1847 .
1594 1837 1605 1848 .
1620 1839 1628 1849 .
1643 1840 1651 1848 .

96 1865 213 1904 Danu
237 1866 331 1905 liess
355 1878 448 1905 man
473 1867 527 1904 im
553 1865 640 1905 silb.
666 1865 808 1905 Latein
832 1867 932 1904 inter
955 1877 995 1904 se
1018 1879 1108 1916 weg
1133 1867 1212 1904 und
1237 1866 1429 1906 brauchte
1460 1869 1503 1906 in
1534 1869 1654 1907 vicem

96 1924 226 1973 allein,
252 1925 334 1975 vgl.
359 1925 461 1964 Plin.
488 1938 547 1975 ep.
568 1925 648 1964 VII
668 1927 736 1976 20,
759 1921 804 1964 7'
837 1926 878 1963 et
904 1924 1075 1964 eundem
1100 1938 1130 1964 s.
1149 1938 1186 1965 v.
1211 1927 1400 1965 vicissim:
1431 1921 1497 1965 <N
1523 1927 1573 1966 L.
1598 1927 1653 1966 ist

93 1985 261 2023 vicissim
291 1985 332 2022 in
364 1985 434 2023 der
463 1984 703 2035 Bedeutung
742 1985 1057 2029 anlereinamler,
1091 1986 1337 2034 yeyenseitiy,
1373 1986 1440 2023 fur
1476 1987 1578 2025 inter
1613 1999 1653 2026 se

92 2043 187 2083 oder
209 2039 367 2083 mutuo?

210 2102 334 2141 Semet
355 2104 439 2142 304
466 2104 507 2142 et
535 2104 618 2143 666
644 2103 847 2143 invenitur
871 2098 1032 2156 (eyomet
1056 2101 1157 2142 Gen.
1171 2103 1304 2155 habet,
1330 2104 1379 2143 cf.
1393 2103 1512 2156 Gorg.
1533 2118 1570 2155 p.
1588 2100 1652 2158 9);

93 2173 173 2201 sese
200 2163 332 2212 1342;
356 2161 461 2200 idem
490 2163 600 2201 1447
630 2175 654 2200 a
672 2162 831 2202 Lachm.
860 2162 1054 2212 scriptum
1075 2163 1148 2214 est,
1174 2163 1221 2201 cf.
1241 2176 1279 2213 p.
1301 2164 1386 2203 340
1406 2163 1523 2203 huius
1544 2164 1648 2204 libri.

213 2216 330 2259 Talis
354 2221 524 2271 saepius,
549 2223 596 2259 ut
620 2223 682 2260 est
707 2221 947 2260 cottidianus
973 2233 1114 2269 sermo,
1139 2235 1210 2271 pro
1235 2223 1468 2272 pronomine
1493 2223 1651 2263 demon-

95 2279 263 2319 strativo
290 2274 498 2334 (simplici)
523 2282 558 2319 is
576 2280 719 2320 velleio
743 2281 807 2320 vel
830 2282 895 2319 ille
919 2282 1081 2330 ponitur
1106 2282 1169 2319 ut:
1198 2283 1265 2329 12,
1287 2283 1353 2334 20,
1376 2283 1502 2334 1426,
1525 2284 1650 2334 1665,

95 2339 222 2389 2272,
249 2339 374 2389 2428,
401 2341 513 2379 2689
542 2340 673 2387 (talem
697 2339 838 2388 quem),
866 2341 993 2390 2715,
1020 2341 1146 2389 2754,
1174 2342 1300 2380 2954.
1574 2343 1579 2347 “

213 2397 339 2448 Saepe
370 2397 547 2448 ponitur,
578 2400 625 2437 ut
655 2399 836 2448 exempla
860 2398 1116 2448 inducantur,
1141 2401 1188 2438 ut
1216 2401 1341 2448 1666,
1370 2401 1495 2450 1674,
1524 2403 1650 2453 1700,

97 2458 223 2507 1708,
250 2457 375 2507 1737,
404 2458 529 2505 1770,
558 2458 683 2508 1804,
712 2458 836 2507 1841,
864 2459 978 2497 2468
1004 2458 1054 2497 al.

211 2514 351 2566 Neque
376 2527 466 2554 raro
493 2516 682 2555 adverbia
699 2529 771 2566 pro
790 2516 860 2556 illo
881 2518 1007 2565 qualis
1026 2517 1117 2556 huic
1134 2518 1359 2568 pronomini
1377 2520 1468 2559 talis
1486 2532 1649 2570 respon-

94 2575 208 2623 dent,
246 2575 291 2613 ut
319 2575 432 2614 1400
457 2576 586 2623 forma
611 2576 700 2614 talis
725 2578 779 2615 est
802 2577 955 2624 quando
980 2578 1139 2616 anima
1168 2578 1349 2623 dicimus,
1383 2580 1425 2617 et
1450 2579 1648 2619 similiter:

99 2635 223 2685 1241,
253 2634 377 2683 1948,
405 2634 517 2672 2945
544 2634 594 2672 al.
645 2633 758 2680 Quod
783 2635 974 2674 sermonis
998 2635 1140 2675 inculti
1164 2637 1236 2675 est.

73 2792 75 2794 q
95 2792 104 2800 .
211 2748 246 2800 ³2)
271 2746 309 2782 Z.
329 2746 540 2800 Demoitzer
565 2746 642 2800 (De.
658 2747 940 2801 rationequam
959 2748 1114 2784 Plautus
1132 2748 1369 2794 potissimum
1395 2751 1434 2786 et
1453 2751 1646 2788 Terentius

92 2795 520 2877 mggrtgpgggogscttigpss
542 2794 783 2839 exprimenda
807 2797 970 2841 inierint,
996 2794 1196 2832 cracoviae
1218 2798 1324 2842 1886)
1349 2797 1450 2834 idem
1475 2797 1514 2835 in
1538 2799 1647 2837 Afros

93 2851 136 2877 ca
194 2882 249 2933 ’2)
273 2878 372 2923 Uber
396 2898 432 2923 se
456 2868 532 2923 unci
558 2888 653 2923 inter
675 2899 712 2924 se
736 2888 774 2924 in
798 2889 951 2925 Jahrbb.
977 2890 1002 2926 f.
1027 2889 1138 2927 klass.
1163 2891 1259 2927 Phil.
1289 2895 1379 2929 1888
1404 2905 1440 2938 p.
1461 2897 1528 2930 271
1544 2906 1598 2941 sq.

213 2935 250 2980 3)
273 2935 410 2980 Decem
436 2935 605 2982 exempla.
629 2934 772 2972 Becker
796 2948 830 2982 p.
852 2939 896 2972 43
923 2937 962 2973 et
986 2937 1115 2974 Koziol
1140 2950 1175 2984 p.
1198 2942 1264 2974 156
1291 2939 1537 2978 contulerunt.
