1878 3242
267 146 350 186 338
934 146 977 183 A.
996 147 1142 184 Wertin

987 297 1095 336 Cum.

267 384 324 422 De
358 384 431 422 hac
464 384 660 433 particula
689 397 788 434 quae
819 384 1068 434 proferantur
1092 385 1158 425 vix
1188 385 1306 436 digna
1337 387 1445 438 sunt;
1480 387 1547 427 sed
1569 390 1680 428 nota:
1712 391 1794 429 392

267 445 399 480 nostra
423 453 507 480 cum
533 443 693 481 Graecis
717 444 820 482 sonis
845 444 1043 482 diversitas
1068 438 1322 496 (discrepare,
1347 446 1542 484 dissentire
1564 457 1648 486 cum
1671 448 1796 496 aliquo

267 513 421 549 sempor
442 500 592 539 usitata
611 503 735 550 erant,
754 502 820 540 sed
840 501 941 539 illud
960 501 1063 550 apud
1082 501 1179 540 alios
1198 514 1275 541 non
1294 497 1457 556 inveni).
1490 503 1639 543 Vocula
1649 506 1799 553 pariter

267 558 401 596 addita
433 558 474 596 in
499 571 532 597 v.
556 561 667 598 1034
703 560 867 610 legitur:
909 560 1051 598 vocalis
1083 561 1188 598 verbi
1212 562 1364 608 pariter
1395 572 1479 600 cum
1510 563 1586 608 fine
1613 564 1797 603 resistens.

267 615 363 655 Cum
389 629 424 655 v.
448 619 557 656 1409
592 618 725 656 horum
754 621 908 666 uterque
939 611 1063 670 (pos)
1097 621 1241 667 tempus
1270 630 1432 667 aequum
1461 620 1577 659 librat
1606 622 1688 660 arsi
1716 632 1800 660 cum

267 675 359 713 thesi
384 675 572 713 dictiones
593 675 851 715 Vitruvianae
861 670 896 728 ¹)
922 677 1063 715 librare
1087 686 1175 715 cum
1199 678 1239 715 et
1258 688 1466 726 exaequare
1483 689 1567 716 eum
1585 677 1802 728 comparari

268 735 443 782 possunt.

385 791 461 829 Sed
486 792 586 830 falso
611 792 652 830 in
677 805 711 831 v.
733 794 815 832 945
843 793 1006 842 legitur:
1030 794 1195 832 nominis
1218 794 1382 838 verbive,
1407 795 1515 833 euius
1538 805 1623 833 cum
1646 794 1800 834 Latinis

268 860 392 888 sermo
430 852 489 888 sit.
546 849 651 888 Nam
686 851 927 900 transposita
960 851 1284 900 interpunctionis
1316 853 1412 890 nota
1444 852 1689 891 scribendum
1725 855 1801 892 est:

267 910 434 946 nominis
456 910 604 947 verbive
628 911 754 953 euius,
779 921 864 948 cum
888 910 1043 948 Latinis
1067 921 1188 948 sermo
1211 911 1261 948 sit
1284 904 1351 960 (cf.
1373 911 1455 948 817
1475 912 1640 949 nominis
1657 912 1803 950 verbine

269 968 378 1005 cuius
399 964 413 1017 ΙΙ
436 978 532 1014 quae
563 970 685 1005 tenent
707 962 964 1018 primordia).
1014 966 1111 1006 Cum
1143 969 1205 1006 est
1234 968 1428 1017 particula
1458 969 1625 1007 causalis
1651 970 1693 1008 et
1715 981 1803 1008 con·

266 1024 483 1063 iunctivum
513 1026 562 1063 sit
591 1026 714 1075 regit,
745 1025 812 1074 qui
846 1025 961 1063 aliter
985 1026 1170 1074 explicari
1194 1037 1272 1064 nou
1294 1027 1443 1075 potost3
1473 1038 1594 1065 sermo
1617 1029 1663 1065 nt
1686 1039 1803 1076 saepe

268 1082 373 1131 apud
399 1077 722 1136 Terentianum2)
754 1085 909 1122 verbum
939 1083 1143 1133 significat.
1191 1083 1328 1133 Itaque
1363 1096 1500 1123 sensus
1529 1084 1604 1123 loci
1635 1087 1695 1124 est
1718 1085 1801 1124 hic:

268 1153 292 1178 x
325 1153 403 1179 non
438 1141 688 1189 praelocatur
724 1141 903 1180 consonis
940 1137 1000 1193 (v.
1022 1137 1145 1194 936),
1179 1142 1256 1180 nisi
1292 1142 1459 1181 nominis
1491 1142 1651 1181 verbive
1687 1143 1799 1182 cuius

268 1199 464 1248 dirempta
489 1199 644 1248 syllaba
669 1202 739 1249 est7
765 1200 949 1249 quoniam
974 1200 1070 1238 haec
1095 1200 1248 1250 syllaba.
1273 1195 1355 1253 (ex)
1374 1200 1527 1239 Latinis
1552 1200 1716 1240 verbum
1739 1203 1801 1240 est

272 1251 339 1310 (cf.
360 1257 479 1296 etiam
504 1270 539 1295 v.
562 1259 643 1296 938
671 1260 711 1296 et
737 1254 853 1310 951).

391 1315 578 1354 Ablativo
604 1316 671 1365 qui
690 1316 832 1355 dicitur
850 1316 1100 1355 instrumenti
1119 1328 1204 1355 cum
1221 1329 1298 1355 non
1317 1316 1494 1365 adicitur,
1519 1317 1623 1367 quod
1641 1316 1800 1368 Langen

271 1387 308 1423 p.
328 1375 379 1412 16
406 1374 604 1412 interdum
629 1375 734 1423 apud
761 1374 1047 1413 Tertullianum
1071 1374 1156 1413 fieri
1181 1374 1363 1414 ostendit.

1009 1486 1067 1522 Do

269 1572 415 1622 signat:
445 1567 490 1626 1)
516 1574 656 1624 locum,
685 1573 732 1611 dc
757 1586 833 1623 quo
859 1573 1007 1623 aliquid
1033 1572 1139 1612 venit
1164 1574 1208 1611 ut
1234 1574 1315 1611 187
1341 1585 1451 1612 sonos
1474 1573 1520 1611 de
1538 1574 1692 1622 yemina
1714 1573 1800 1612 sedo

264 1633 457 1679 profectos
482 1626 548 1672 (cf.
563 1631 706 1680 Draeg.
718 1626 756 1670 1²
775 1630 800 1680 ἓ
815 1633 896 1670 286
924 1631 997 1670 sub
1021 1644 1126 1669 num.
1143 1627 1198 1683 2).

387 1684 431 1740 2)
457 1702 551 1740 rem,
584 1690 631 1727 de
657 1702 734 1740 qua
757 1690 906 1740 aliquid
930 1690 1100 1728 demitur
1124 1691 1195 1728 aut
1219 1689 1329 1728 cuius
1353 1701 1444 1739 pars
1469 1691 1652 1739 separata
1674 1689 1799 1729 consi-

270 1747 432 1786 deratur
456 1743 523 1800 (cf.
537 1761 574 1797 p.
591 1749 673 1787 333
693 1749 730 1786 h.
745 1743 848 1800 lib.):

387 1807 469 1844 399
502 1809 637 1844 neutra
661 1807 706 1844 de
730 1807 898 1850 duabus,
931 1807 1012 1845 783
1038 1806 1084 1844 de
1106 1817 1237 1844 novem
1261 1808 1336 1845 tres
1359 1807 1598 1855 separandas
1622 1807 1800 1851 convenit,

272 1865 380 1902 1057
402 1866 507 1902 sexta
526 1865 650 1902 littera
668 1865 714 1902 de
736 1875 892 1902 numero
915 1865 1222 1908 semisonantum,
1250 1865 1359 1902 1427
1381 1875 1451 1912 pes
1474 1865 1579 1903 adest
1601 1875 1802 1912 supremus

267 1933 369 1960 unus
393 1925 471 1960 octo
495 1922 540 1960 de
565 1923 782 1970 tri-syllabis,
811 1923 920 1960 1759
948 1933 1032 1960 cum
1057 1923 1177 1970 capite
1201 1922 1359 1961 alterius
1382 1922 1563 1971 dactylico
1581 1933 1677 1969 quae
1693 1923 1739 1969 fit
1755 1922 1801 1960 de

269 1983 448 2018 commate
472 1980 602 2028 longa,
642 1981 751 2018 1946
777 1980 837 2018 hie
861 1981 906 2018 de
926 1991 1060 2028 yenere
1084 1983 1136 2018 est
1153 1980 1455 2028 phalaeciorum,
1495 1980 1614 2018 2233·
1631 1991 1727 2027 quae
1750 1980 1803 2018 lo·

269 2041 439 2085 quantur
462 2041 615 2086 sumpta
638 2039 684 2076 de
707 2040 786 2077 vita
803 2041 934 2085 putes,
972 2039 1084 2076 2318
1111 2039 1201 2076 dum
1225 2039 1270 2076 de
1293 2039 1458 2086 sequenti
1480 2038 1630 2085 copulat
1653 2038 1803 2086 lonqam

272 2097 432 2134 alteram
456 2090 521 2149 (ex
547 2097 598 2146 M,
625 2096 692 2135 sed
717 2096 765 2135 cf.
779 2109 814 2146 p.
831 2091 947 2149 333),
974 2097 1084 2135 2326
1110 2096 1201 2135 haec
1224 2097 1269 2135 de
1293 2098 1457 2144 sequenti
1481 2096 1629 2143 copulat
1653 2096 1804 2144 lonyam

271 2155 440 2193 alteram.
491 2153 550 2192 cf.
565 2154 707 2203 Draog.
722 2154 813 2193 ibid.
829 2167 858 2193 s.
876 2167 914 2192 n.
931 2156 967 2193 3.

388 2209 433 2265 3)
464 2212 690 2263 materiam,
722 2225 768 2251 ex
793 2225 871 2263 qua
894 2212 1043 2262 aliquid
1066 2213 1213 2251 factum
1240 2214 1300 2251 est
1324 2215 1394 2251 aut
1417 2214 1567 2263 partes,
1593 2224 1638 2251 ex
1663 2211 1804 2262 quibus

272 2272 445 2310 constat:

387 2331 469 2368 502
503 2331 589 2369 edat
617 2333 659 2368 ut
688 2329 939 2379 diphthongon
968 2341 1088 2368 umam
1117 2330 1162 2368 de
1191 2330 1340 2368 duabus
1369 2329 1519 2367 vocibus
1543 2323 1625 2379 (vel
1649 2329 1801 2373 voctdie,

268 2389 463 2426 vocalibus
481 2384 553 2440 M),
581 2389 664 2427 774
688 2399 846 2435 sequens
869 2399 981 2427 casus
997 2388 1093 2436 facit
1109 2389 1243 2435 quius
1261 2388 1307 2426 de
1324 2388 1445 2426 tribus
1461 2387 1664 2430 vocalibus,
1692 2387 1801 2426 1777

390 2512 425 2555 1)
451 2510 503 2547 Cf.
531 2509 665 2547 Eberh.
691 2512 784 2556 part.
804 2510 821 2546 I
838 2522 874 2556 p.
896 2514 949 2546 13.

387 2561 422 2602 2)
450 2557 502 2595 Cf.
529 2562 608 2601 797,
627 2561 707 2599 841,
732 2561 831 2601 1113,
854 2562 955 2601 1131,
978 2561 1066 2594 1202
1088 2558 1234 2604 (eontra
1254 2560 1343 2593 1258
1363 2568 1455 2603 pars
1478 2556 1648 2592 semonia
1668 2572 1712 2586 —
1729 2566 1803 2592 oer-

271 2605 391 2649 bum),
420 2608 525 2647 1262,
547 2608 653 2647 1272,
674 2607 782 2649 1278,
803 2607 910 2648 1281,
931 2607 1021 2640 1318
1048 2605 1099 2649 2),
1119 2606 1230 2650 (138⁶
1243 2606 1300 2649 2),
1321 2607 1428 2648 1659,
1447 2606 1555 2647 194⁸,
1573 2605 1683 2647 2094,
1700 2605 1803 2638 susi.

272 2652 402 2696 Georg.
424 2662 450 2686 s.
472 2652 506 2686 h.
526 2662 560 2686 v.
581 2651 612 2686 11
633 2655 663 2695 1,
690 2651 713 2686 b
738 2652 829 2686 haec
862 2653 1005 2686 tantum
1064 2650 1168 2687 abet:
1202 2651 1366 2695 (κηποι,
1397 2649 1456 2686 die
1487 2648 1710 2685 besonderen
1766 2659 1804 2684 e-

272 2699 499 2743 sprochenen
530 2697 617 2733 oder
648 2697 934 2742 geschriebenen
954 2696 1105 2741 'Worte,
1136 2697 1202 2732 der
1225 2695 1438 2741 Auedmck,
1470 2695 1555 2731 Sat:
1578 2706 1607 2731 ι.
1627 2695 1710 2741 Ulp.
1754 2695 1802 2740 ig.

272 2744 339 2779 vn
366 2748 403 2788 1,
428 2748 490 2786 20;
514 2743 563 2779 XI
584 2748 616 2787 7,
642 2747 682 2788 2,
707 2747 727 2787 9
750 2749 785 2786 ¹3
812 2744 987 2789 Pompon.
1007 2744 1081 2789 dig.
1102 2742 1256 2779 XXVIII
1275 2747 1314 2788 ὃ,
1340 2746 1387 2778 29
1405 2754 1440 2779 u.
1459 2746 1492 2779 ὃ.
1516 2740 1579 2777 bei
1602 2740 1673 2776 den
1699 2740 1800 2778 leti)

271 2790 424 2826 Porcell.
452 2793 525 2826 tres
552 2789 651 2826 Serv.
677 2790 727 2825 ad
744 2789 853 2836 Verg.
880 2789 982 2826 locos
1006 2789 1138 2835 adfert,
1164 2790 1258 2826 adde
1283 2788 1401 2825 Diom.
1419 2787 1502 2823 Keil
1522 2788 1536 2823 1
1553 2797 1589 2842 p.
1611 2790 1697 2830 ⁸³⁹3
1723 2790 1803 2832 340,

271 2841 333 2880 36ς
359 2840 446 2879 341;
477 2835 644 2873 Pancker
669 2836 794 2882 Spicil.
819 2837 902 2873 add.
928 2836 1049 2872 Rufini
1073 2834 1281 2873 Cassiodori
1311 2835 1405 2872 alios
1437 2835 1678 2881 posteriorum
1704 2833 1804 2870 locos

273 2883 470 2928 congessit.
