1878 3242
564 140 619 176 De
644 139 857 177 Terentiani
882 149 1051 175 sermone
1076 140 1114 174 et
1138 139 1273 174 aetate.
1616 135 1699 177 341

257 249 304 308 4)
329 251 436 294 κατὰ
460 250 622 294 εύνεειν
647 252 906 293 construitur:

260 314 341 353 137
368 310 407 352 Υ
436 315 479 354 in
511 316 645 354 nostra
680 314 795 353 etiam
828 312 946 352 verba
979 312 1098 351 dabat
1130 312 1348 359 frequenter
1378 321 1493 349 usum
1520 303 1616 362 (pro
1642 320 1701 348 re-

138 367 379 427 cipiebatur).

256 433 307 472 II.
333 445 422 472 cum
446 432 623 472 ablativo
648 432 914 483 coniungitur.

258 492 464 532 Notabilia
488 492 670 542 fortasse,
695 492 765 531 sed
789 505 869 531 non
892 491 951 529 ita
976 503 1078 540 rara,
1104 491 1150 529 ut
1174 502 1254 529 non
1279 489 1552 540 unusquisque
1578 490 1698 538 poeta

140 552 197 590 ita
228 551 339 603 loqui
363 552 558 603 potuerit,
591 554 685 590 sunt
709 552 822 590 haec:
860 552 942 590 153
968 552 1010 589 in
1036 551 1114 589 loco
1139 551 1326 598 sequenti,
1359 550 1439 588 601
1468 549 1635 587 secundo
1658 549 1701 586 in

139 612 235 656 loco,
264 613 374 650 1741
402 612 444 650 in
462 613 594 660 primo
620 606 722 664 (scil.
747 604 873 664 loco),
901 611 985 649 833
1011 611 1162 649 lubrica
1188 612 1241 648 est
1263 612 1410 648 natura
1434 610 1478 647 in
1501 609 1581 646 illis
1606 606 1702 658 (pro

138 666 253 723 illis),
282 672 394 710 1512
421 666 495 710 ἀπ’
519 667 746 710 ἑλάεεονο(
772 672 815 710 in
839 671 992 709 nomine
1016 671 1072 709 sle
1097 672 1169 708 est:
1195 666 1426 718 Διομήδης.

862 795 979 832 Inter

141 885 433 936 praepositione
459 881 694 936 (secundum
721 884 840 923 Hand
867 897 896 923 s.
917 885 954 923 h.
974 897 1011 924 v.
1030 897 1068 922 n.
1092 880 1166 936 13)
1201 883 1331 934 qualis
1357 883 1445 934 quis
1471 883 1513 921 in
1536 894 1703 921 numero

139 945 273 996 aliquo
300 945 491 995 appareat
515 946 586 983 aut
611 945 743 983 valeat
768 943 1013 993 exprimitur.
1064 943 1214 981 Tamen
1240 943 1346 992 quod
1373 942 1637 981 Terentianus
1662 942 1702 980 in

139 1017 173 1043 v.
196 1006 282 1043 910
308 1004 423 1042 dixit:
448 1005 579 1042 vivida
604 1006 658 1046 est
680 1004 773 1042 haec
798 999 865 1053 (σ)
890 1004 989 1041 inter
1014 1014 1143 1041 omnes
1163 1006 1275 1050 atque
1294 1003 1414 1041 densa
1433 1002 1560 1040 littera
1580 997 1703 1051 ‘non'‚

136 1066 183 1102 ut
200 1063 325 1113 ipsius
344 1062 477 1102 verbis
497 1065 600 1113 utar,
626 1058 704 1102 ‘est
722 1062 860 1102 multis
880 1061 923 1100 in
941 1075 1028 1109 usu,
1054 1062 1122 1100 sed
1145 1061 1273 1112 magis
1292 1061 1492 1111 poeticum
1512 1057 1601 1100 est.'
1643 1059 1703 1098 Cf.

137 1125 283 1173 tamen,
304 1135 405 1174 quae
425 1121 555 1162 Krebs
575 1134 606 1161 s.
624 1135 661 1162 v.
680 1135 717 1172 p.
735 1122 819 1161 700
839 1121 986 1160 adfert:
1013 1117 1162 1159 ‘Wenn
1181 1121 1301 1160 somit
1318 1122 1418 1160 inter
1436 1121 1543 1159 beim
1558 1120 1701 1170 Super-

139 1182 239 1222 lativ
274 1182 357 1221 sich
392 1182 517 1221 ofters
551 1181 692 1230 findet,
730 1194 772 1221 so
804 1181 858 1220 ist
890 1193 932 1220 es
957 1180 1064 1220 beim
1090 1180 1243 1220 Positiv
1268 1180 1460 1232 seltener,
1496 1180 1592 1219 aber
1618 1180 1703 1224 Kl„

139 1241 219 1291 vgl.
239 1240 317 1280 Cic.
338 1241 467 1281 Flacc.
490 1242 543 1281 52
571 1243 669 1280 inter
692 1253 783 1280 suos
807 1241 962 1285 nobiles,
989 1239 1144 1280 Cluent.
1168 1241 1219 1278 11
1244 1241 1476 1279 adulescenti
1493 1241 1593 1279 inter
1612 1251 1704 1279 suos

141 1304 174 1338 et
198 1301 348 1340 honesto
374 1304 408 1339 et
430 1296 577 1340 nobili?

257 1359 530 1399 Tertullianus
565 1359 902 1412 praepositionem
937 1359 1138 1398 interdum
1172 1372 1244 1409 pro
1271 1362 1433 1408 praeter
1467 1359 1603 1408 posuit
1629 1356 1701 1409 (cf.

139 1418 305 1469 Langen
324 1432 355 1458 s.
375 1420 411 1458 h.
425 1416 552 1470 voce),
573 1420 678 1470 quod
696 1432 776 1459 non
794 1419 891 1458 fecit
910 1419 1185 1458 Terentianus.
1223 1419 1284 1457 De
1303 1418 1562 1458 collocatione
1582 1418 1701 1457 huius

137 1478 357 1528 particulae
382 1492 420 1529 p.
442 1480 527 1519 334
555 1479 646 1518 dixi.

860 1556 983 1592 quta

140 1657 219 1684 nou
243 1645 460 1684 insolenter
484 1657 557 1695 pro
576 1646 730 1694 pariter
754 1645 819 1685 vel
844 1656 961 1693 aeque
986 1645 1162 1694 ponitur:

260 1705 372 1744 1288
405 1705 542 1753 quibus
579 1707 632 1743 est
664 1716 773 1744 amor
805 1707 838 1743 et
864 1705 1077 1753 prudentia
1108 1705 1237 1749 iusta,
1271 1705 1385 1743 2146
1412 1705 1572 1744 adsonet
1595 1717 1705 1744 omne

138 1775 273 1803 nemus
304 1775 475 1812 arvaque
505 1765 626 1804 iuxta.
677 1763 834 1803 Similia
866 1763 972 1814 apud
997 1763 1082 1803 Liv.
1103 1762 1197 1802 Sall.
1225 1763 1467 1803 Frontonem
1494 1764 1704 1804 inveniun-

138 1825 222 1874 tur-3
249 1823 296 1863 cf.
317 1822 446 1862 Krebs
471 1836 502 1863 s,
522 1836 557 1863 v.
577 1836 616 1873 p.
632 1824 729 1862 742.

892 1900 950 1937 ob

137 1992 184 2028 ut
213 1989 319 2040 apud
350 1990 573 2040 complures
605 1990 818 2040 scriptores
850 1990 1020 2040 optimos
1055 1989 1168 2028 deest
1199 1987 1272 2040 (ci.
1296 1989 1358 2028 W.
1378 1989 1427 2028 A.
1447 1990 1466 2028 I
1489 1992 1570 2030 161
1587 1988 1702 2041 sqq.).

139 2049 216 2088 Pro
242 2061 361 2088 causa
387 2061 502 2099 saepe
527 2049 846 2088 instrumentalis
872 2049 981 2088 notio
1006 2049 1210 2088 invenitur
1231 2049 1371 2099 itaque
1390 2049 1460 2088 ubi
1479 2050 1703 2099 particulae

137 2108 316 2147 causales
352 2110 469 2158 aptae
504 2111 613 2157 sunt,
650 2121 947 2158 nonnumquam
981 2108 1308 2147 instrumentales
1343 2108 1622 2159 inveniuntur,
1658 2113 1704 2148 ut

137 2167 370 2217 plerumque
404 2167 552 2218 legitur
587 2169 701 2217 lonya
734 2169 780 2216 fit
809 2180 835 2206 a
865 2169 1034 2216 sequenti
1066 2179 1242 2206 consona.
1294 2167 1370 2205 Pro
1403 2168 1702 2217 pronominibus

139 2228 273 2265 autem
299 2239 387 2265 cum
411 2227 473 2266 his
500 2227 707 2277 particulis
733 2226 953 2266 coniunctis
973 2238 1090 2277 saepe
1110 2239 1157 2265 ex
1177 2227 1463 2266 consuetudine
1483 2228 1702 2267 cottidiana

139 2285 228 2324 hinc
251 2286 340 2324 inde
362 2287 465 2326 made
488 2288 702 2336 ponuntur.

882 2363 963 2400 Per

262 2447 305 2504 1)
330 2451 663 2501 praepositionem
698 2452 862 2491 localem
897 2453 957 2491 his
993 2453 1088 2492 locis
1125 2465 1210 2492 esse
1243 2454 1358 2502 puto:
1399 2451 1504 2502 apud
1536 2454 1703 2493 verbum

141 2509 258 2549 eundi
280 2511 364 2550 848
385 2521 571 2550 consonas
582 2523 658 2560 per
677 2523 805 2551 munes
823 2513 880 2550 irc
900 2514 940 2550 et
954 2513 1038 2551 997
1052 2524 1128 2561 per
1146 2512 1315 2561 syllabas
1334 2513 1392 2550 irc
1405 2509 1480 2562 (=
1495 2511 1681 2563 tractare)
1689 2528 1703 2560 ‚-

145 2570 290 2608 similia
309 2569 544 2616 Quintiliani
569 2570 751 2620 exempla
776 2571 893 2609 Hand
919 2571 996 2610 vol.
1016 2570 1074 2609 IV
1093 2585 1130 2621 p.
1151 2572 1236 2610 433
1264 2571 1337 2610 sub
1357 2583 1464 2610 num.
1487 2572 1511 2610 6
1533 2572 1704 2623 confert3

146 2629 193 2668 cf.
215 2629 336 2668 etiam
356 2628 536 2679 Draeger
561 2642 591 2669 s.
611 2629 649 2668 h.
668 2642 705 2669 v.
728 2632 764 2680 1,
784 2643 815 2669 e.
853 2630 1005 2669 Deinde
1031 2632 1077 2669 ut
1095 2630 1135 2669 in
1155 2643 1192 2670 v.
1214 2632 1328 2670 2268
1348 2631 1513 2678 simplice·
1533 2627 1704 2686 (iambo)

143 2700 297 2728 carmcm
310 2700 384 2737 per.
403 2699 516 2729 omnev
531 2691 677 2727 evectus
696 2692 750 2728 est
768 2689 929 2739 legitur,
948 2688 1005 2728 ita
1024 2690 1065 2727 in
1084 2702 1120 2729 v.
1142 2690 1254 2729 2071
1276 2701 1395 2738 neque
1414 2690 1550 2730 cedunt
1569 2691 1704 2740 lonyae

143 2748 318 2786 brevibus
335 2759 410 2796 per
434 2748 652 2796 synaphian
676 2747 1011 2798 praepositionem
1031 2760 1104 2797 per
1130 2748 1178 2787 de
1203 2749 1301 2798 loco,
1327 2761 1405 2787 uon
1430 2749 1478 2787 de
1504 2761 1624 2788 causa
1646 2751 1703 2789 in-

144 2806 409 2856 tellegendam
436 2819 523 2845 esse
550 2807 748 2857 existim03
773 2807 821 2846 cf.
840 2807 955 2845 Hand
974 2807 1032 2846 IV
1053 2809 1138 2847 430
1153 2821 1209 2858 sq.
1230 2808 1303 2847 sub
1322 2820 1360 2848 n.
1382 2809 1419 2847 3.

267 2861 312 2918 2)
338 2866 536 2904 causalem
561 2865 624 2904 hic
649 2860 717 2919 (cf.
738 2866 882 2918 Draeg.
902 2867 976 2906 sub
996 2880 1033 2906 n.
1057 2864 1122 2917 7):

263 2925 347 2964 558
375 2935 449 2972 per
478 2925 546 2963 hoc
570 2925 762 2973 producta
793 2920 869 2977 (=
890 2922 1141 2979 propterea);
1173 2938 1288 2977 quem
1319 2938 1437 2965 usum
1462 2927 1641 2977 Draeger
1666 2925 1704 2967 1²

400 2994 402 2997 .
1349 2994 1419 3027 23*
