1878 3242
0 0 26 259 I

0 265 13 611 ἒ

0 686 12 750 ὲ

538 136 592 175 De
619 134 840 174 'terentiani
870 145 1038 173 sermone
1064 135 1102 171 et
1127 134 1262 172 aetate.
1592 131 1675 174 371
1716 116 1722 123 .

106 255 186 293 sive
207 273 257 280 —-
281 253 378 298 sive,
416 253 528 291 1867
557 253 712 291 sive—
731 262 810 291 seu.
859 250 1000 290 Modus
1032 251 1168 288 autem
1199 248 1241 287 in
1266 261 1330 288 vv.
1353 249 1464 287 1016
1493 248 1534 286 81
1562 247 1674 286 1867

106 314 271 364 propter
295 314 469 351 metrum
495 311 733 351 indicativus
760 312 831 361 est,
857 310 953 349 in‘v.
977 310 1088 348 1349
1117 308 1194 346 ind.
1215 309 1288 347 fut.
1317 302 1465 361 (iunyet
1483 306 1547 346 hic
1565 305 1674 357 posi—

108 375 195 411 tum
221 373 294 422 est,
320 372 427 423 quod
452 372 494 410 in
513 371 771 422 sequentibus
791 369 1010 409 enuntiatis
1034 369 1327 408 1350-1353
1347 368 1484 406 futura
1503 379 1674 417 sequun—

107 426 206 485 tur),
225 432 266 470 in
284 445 321 471 v.
347 433 458 471 1379
481 432 555 472 fut.
570 443 628 470 ex,
649 430 768 480 (hunc
787 431 954 474 sonabis,
980 430 1061 468 sive
1079 440 1226 479 reyes,
1251 429 1330 467 sive
1355 429 1481 467 cives
1499 426 1676 473 disceris),

108 491 273 542 reliquis
307 491 481 541 quinque
513 490 608 530 locis
642 490 931 538 coniunctivus3
965 488 1055 528 vide
1090 487 1208 526 etiam
1237 484 1423 537 exempla
1444 500 1474 526 s.
1494 500 1531 526 n.
1551 485 1594 525 II
1619 486 1676 525 in-

109 550 328 602 sequentia.
378 549 437 590 Cf.
460 549 637 589 Schmalz
660 563 722 600 ap.
749 550 817 589 Iw.
845 549 897 588 M.
924 543 994 597 112,
1023 549 1121 598 527,
1147 547 1173 596 ἓ
1194 548 1298 586 304:
1333 543 1431 586 ‘Der
1456 546 1599 585 Modus
1624 546 1678 584 ist

108 610 178 650 der
203 610 423 660 Indikativ3
449 610 570 649 allein
596 610 716 649 sehon
741 609 807 648 bei
826 608 905 648 Cic.
924 622 962 647 u.
984 607 1096 647 Caes.
1117 607 1342 658 vereinzelt,
1362 606 1476 645 mehr
1495 606 1559 645 bei
1578 605 1678 655 Liv.‚

106 669 211 708 Plin.
230 669 320 709 mai.
336 683 372 709 u.
392 669 495 720 Tac„
521 669 738 708 besonders
758 668 894 719 haufig
913 667 967 706 im
991 667 1056 717 Sp.
1071 666 1116 706 L.
1130 666 1223 706 liest
1241 679 1334 706 man
1355 667 1456 706 auch
1476 666 1553 705 den
1572 665 1677 704 Kon-

102 730 283 779 junktiv,
317 743 346 768 z.
373 729 418 769 B.
445 730 510 768 bei
537 728 649 768 Oros.
676 728 814 768 Claud.
833 728 953 766 Mam.
973 727 1106 777 Apoll.
1129 726 1210 766 Sid.
1231 741 1267 766 u.
1289 721 1340 766 a.'
1384 727 1535 765 Fronto
1561 725 1678 764 modo

107 789 384 839 indicativum,
411 789 528 827 modo
556 788 853 828 coniunctivum
879 787 1029 838 posuit3
1065 786 1113 825 cf.
1139 786 1267 826 Ebert
1292 800 1329 837 p.
1351 787 1419 825 42.
1471 784 1529 826 Cf.
1557 785 1678 824 etiam

108 862 229 900 supra
254 863 290 899 p.
313 850 396 888 347
417 861 474 900 sq.

226 908 279 948 II.
306 908 394 947 aliis
420 908 628 959 particulis
654 908 914 958 respondent:

228 969 313 1007 482
348 970 569 1017 auspices
600 979 686 1007 eum
717 968 800 1007 dico
833 971 867 1006 et
891 979 1058 1006 aurum
1083 968 1163 1006 sive
1188 965 1365 1006 Graecus
1390 962 1557 1017 αὔριον,
1594 965 1678 1006 537

109 1029 263 1077 quando
295 1029 378 1067 dico
408 1027 570 1066 Iulius
600 1029 680 1067 sive
709 1028 831 1066 Iuno
862 1028 942 1066 sive
972 1029 1145 1071 iustus,
1180 1028 1263 1066 555
1297 1030 1492 1077 correptae
1522 1029 1681 1076 iuyatur

109 1101 192 1127 una
211 1088 365 1137 quaudo
385 1098 599 1127 consonans
617 1088 697 1126 sive
715 1087 870 1132 vocalis,
892 1087 975 1126 619
999 1087 1141 1125 Troia
1160 1088 1239 1125 sive
1257 1087 1394 1126 Maia
1413 1088 1532 1132 dicas,
1544 1089 1682 1135 peior

112 1151 181 1187 aut
206 1149 456 1192 ieiunium,
491 1148 574 1186 946
590 1159 675 1197 sqq.
702 1147 861 1195 expuli
886 1158 972 1185 cum
997 1147 1080 1185 dico
1107 1149 1141 1184 et
1165 1149 1286 1191 exta,
1317 1158 1385 1185 seu
1410 1148 1496 1195 quis
1522 1159 1679 1186 excus-

109 1220 211 1247 sam
235 1219 409 1246 comam
434 1208 538 1246 dieat
562 1209 630 1246 aut
656 1207 804 1251 exlex,
831 1209 864 1245 ct
887 1207 1005 1245 illud:
1030 1206 1110 1245 hoc
1134 1207 1235 1245 sine
1259 1208 1502 1254 eoequiram
1518 1209 1681 1256 prius:

114 1268 212 1307 adde
237 1271 271 1306 et
296 1270 519 1306 consortem
544 1267 602 1306 vel
626 1268 711 1305 istis
736 1267 861 1305 simile
883 1267 1011 1315 siquid
1035 1267 1208 1314 finxeris
1237 1267 1347 1305 1021
1366 1279 1422 1316 sq.
1442 1278 1511 1305 seu
1527 1268 1683 1315 pariter

112 1329 266 1366 iunctae
287 1328 515 1366 suberuntve
533 1328 576 1365 iu
593 1329 710 1375 parte
728 1327 908 1374 sequenti,
934 1337 1002 1364 seu
1019 1329 1110 1364 sunt
1128 1326 1286 1371 divisae,
1310 1327 1419 1365 1261
1443 1328 1556 1374 siqua
1567 1328 1683 1375 prior

112 1398 179 1426 seu
193 1388 388 1436 posterior
407 1389 581 1435 correpta
601 1386 760 1430 locatur,
790 1387 904 1425 1330
918 1398 976 1435 sq.
995 1387 1075 1424 sive
1085 1387 1266 1434 praesint
1284 1386 1408 1430 alteri,
1427 1387 1486 1424 vel
1504 1387 1578 1425 sibi
1597 1398 1683 1425 cum

113 1447 357 1496 copulamur,
385 1448 495 1486 1771
525 1448 661 1495 iunyat
679 1447 754 1484 sibi
772 1447 851 1484 sive
869 1457 1091 1494 supremam
1111 1457 1175 1489 os,
1202 1446 1260 1484 vel
1278 1457 1376 1494 quae
1393 1447 1529 1494 prima
1549 1449 1603 1485 est
1620 1448 1684 1485 in.

233 1506 310 1545 Sed
342 1508 388 1544 ut
414 1505 557 1544 melius
584 1518 819 1557 cognoscas,
853 1517 974 1556 quam
998 1505 1124 1544 libere
1151 1505 1417 1544 Terentianus
1443 1506 1483 1543 in
1508 1506 1682 1555 particu-

114 1566 244 1604 larum
269 1577 345 1604 usu
373 1577 413 1603 se
439 1565 628 1616 gesserit,
655 1565 775 1604 etiam
803 1577 870 1604 eos
896 1577 1037 1604 versus
1064 1565 1220 1613 addam,
1245 1564 1287 1603 in
1313 1565 1458 1616 quibus
1484 1565 1683 1616 particula

113 1627 211 1676 sique
234 1627 328 1675 post
352 1625 534 1664 voculam
555 1626 596 1664 si
616 1625 706 1663 aliis
727 1624 861 1664 verbis
883 1624 1020 1663 cessit:
1049 1626 1132 1663 262
1154 1626 1189 1663 si
1208 1624 1312 1673 ζῆτα
1332 1626 1465 1673 loquor
1484 1619 1682 1675 λάβδανθ,

116 1684 167 1724 νῦ
193 1685 251 1723 vel
275 1684 470 1733 hispidum
495 1681 578 1733 ῥῶ,
601 1685 684 1723 916
713 1684 876 1733 (μῆγμα
902 1686 937 1723 si
962 1685 1116 1732 quando
1142 1687 1210 1723 aut
1236 1681 1495 1733 (μάραγδον,
1523 1681 1684 1733 (μιλίον

115 1745 174 1782 vel
197 1745 410 1788 nominant,
438 1745 519 1782 941
548 1745 660 1792 faxo
685 1745 720 1783 sz'
745 1745 853 1783 dicas
878 1745 936 1782 vel
962 1746 1069 1782 axis
1090 1775 1096 1781 .
1118 1773 1127 1783 .
1149 1772 1175 1794 .,
1206 1745 1316 1783 1059
1344 1746 1380 1782 si
1405 1745 1557 1792 quando
1583 1757 1684 1783 scu-

116 1807 228 1847 tum,
259 1815 449 1852 spumas
473 1804 532 1842 vel
556 1805 763 1842 stamina
787 1804 888 1848 dieo,
918 1805 1028 1843 1671
1057 1805 1092 1842 si
1115 1804 1277 1851 plenum
1304 1804 1471 1842 absolvet
1494 1805 1600 1843 verbi
1624 1805 1683 1843 vel

115 1864 283 1902 nominis
307 1864 445 1908 instar,
474 1864 587 1902 2312
602 1876 686 1914 sqq.
711 1864 897 1912 spondeos
923 1866 1050 1902 autem
1073 1864 1109 1902 si
1133 1866 1308 1912 sequetur
1334 1865 1512 1902 creticum
1539 1894 1546 1902 .
1569 1894 1576 1902 .
1598 1893 1607 1903 .
1627 1865 1685 1903 vel

117 1924 224 1962 {ertio
251 1923 392 1961 locetur
417 1925 486 1961 aut
510 1924 639 1971 quinto
658 1924 768 1971 pede.

240 1981 298 2022 Of.
320 1981 498 2021 8811111812
518 1982 543 2021 1.
564 1995 615 2022 (1.1
643 1978 738 2021 ‘Die
759 1982 1077 2033 Korresponsion
1103 1983 1182 2022 sive
1204 2003 1258 2009 -——
1279 1995 1323 2022 ve
1348 1983 1474 2022 findet
1500 1985 1583 2023 sich
1608 1997 1685 2023 nur

120 2041 185 2080 bei
203 2041 395 2080 Dichtern
420 2042 501 2080 und
526 2055 624 2093 ganz
652 2044 741 2092 spat
766 2043 830 2081 bei
850 2042 980 2092 Apoll.
1002 2042 1132 2082 Sidon.
1153 2042 1193 2081 in
1214 2043 1349 2091 Prosa,
1377 2044 1456 2082 sive
1480 2064 1531 2070 —
1555 2045 1614 2083 vel
1631 2044 1686 2083 ist

119 2101 190 2140 auf
205 2101 268 2140 die
288 2100 454 2140 Dichter
470 2101 603 2152 Verg.,
624 2101 710 2141 Iuv.
723 2115 761 2140 u.
780 2101 889 2152 Spst.
910 2102 1168 2153 beschrtinkt3
1195 2104 1229 2141 si
1251 2124 1298 2130 —
1326 2114 1370 2141 vc
1388 2103 1497 2142 lesen
1517 2104 1591 2143 wir
1611 2117 1687 2142 nur

119 2159 298 2201 Iuvenal.
320 2162 358 2211 3,
382 2156 492 2200 297?

237 2219 310 2258 III.
341 2220 560 2259 Enuntiato
587 2220 846 2260 condicionali
871 2232 951 2259 non
976 2221 1233 2259 antecedente
1258 2234 1331 2270 pro
1357 2222 1416 2260 vel
1439 2224 1475 2261 si
1503 2243 1552 2249 -—
1583 2236 1685 2273 quae

120 2279 283 2318 voculae
297 2281 408 2319 1996
424 2280 614 2330 leguntur
628 2301 677 2307 —
692 2282 911 2330 ponuntur:
929 2282 1011 2319 213
1023 2281 1072 2318 Η
1080 2281 1218 2325 littera,
1229 2282 1310 2320 sive
1323 2284 1376 2320 est
1388 2284 1491 2326 noia,
1507 2284 1620 2321 1000
1629 2294 1685 2333 sq.

120 2342 164 2378 ut
185 2339 350 2387 pedibus
382 2340 493 2378 sistat
524 2352 598 2379 sua
622 2341 757 2389 reyula
781 2341 911 2384 iustis,
946 2351 1013 2378 seu
1037 2341 1173 2379 vitium
1198 2341 1367 2384 incessit,
1401 2343 1513 2380 metri
1537 2343 1687 2380 ratione

113 2399 339 2447 probemus,
378 2399 488 2438 1585
525 2400 684 2438 additur
716 2400 807 2441 haec
837 2401 987 2448 ⁸qemiuo
1018 2411 1096 2438 reon
1126 2401 1273 2439 absona
1306 2400 1445 2448 fabula
1477 2403 1595 2440 metro
1620 2413 1687 2440 scu-

121 2469 214 2497 vera
237 2469 300 2496 res
323 2460 387 2496 cst.

242 2515 299 2555 Of.
321 2516 501 2556 Schmalz
520 2518 545 2557 1.
567 2531 617 2557 c.:
643 2514 806 2557 ‘Dieser
825 2517 1034 2558 Gebrauch
1060 2519 1132 2557 hat
1151 2518 1235 2557 sich
1255 2519 1313 2557 als
1335 2519 1398 2558 ein
1419 2520 1510 2558 echt
1528 2519 1685 2559 lateini-

124 2576 236 2615 scher
267 2576 624 2616 ausserordentlich
658 2578 886 2617 entwickelt
916 2578 995 2616 und
1023 2590 1127 2616 zwar
1152 2578 1193 2616 in
1220 2591 1393 2628 engeren
1419 2577 1597 2618 Grenzen
1623 2581 1688 2619 bei

125 2633 274 2686 Cicero,
295 2636 588 2687 ausgedehnter
607 2636 670 2675 bei
684 2636 768 2675 Liv.
780 2636 937 2675 Vitruv.
952 2637 1052 2676 Plin.
1072 2637 1161 2676 mai.
1183 2636 1316 2683 Quint.
1333 2638 1435 2688 Tae,
1457 2638 1603 2678 ebenso
1622 2640 1689 2678 bei

129 2693 331 2745 Dichtern,
357 2707 400 2734 so
426 2695 514 2734 dass
540 2695 780 2735 schliesslich
807 2696 871 2735 eiu
893 2696 1055 2735 88121811
1083 2691 1190 2750 (mea
1209 2697 1368 2747 quidem
1390 2698 1589 2737 sententia
1607 2699 1690 2749 pri-

128 2765 231 2792 mum
258 2748 494 2807 participia)
521 2755 621 2794 ohne
648 2755 806 2805 eigenes
832 2755 954 2794 Verb.
979 2756 1053 2794 mit
1077 2757 1157 2795 sive
1183 2757 1378 2807 angefiigt
1403 2753 1516 2795 wird'
1549 2771 1582 2797 e.
1603 2771 1639 2808 q.
1659 2771 1690 2797 8.

128 2811 213 2851 Hoc
231 2815 365 2852 autem
392 2813 524 2863 ipsum
550 2815 654 2863 apud
675 2814 957 2853 Terentianum
978 2815 1211 2855 invenimus.
1250 2816 1354 2855 Nam
1375 2816 1448 2855 hae
1468 2818 1690 2866 particulae

250 2872 292 2912 Β.
317 2873 486 2922 singulis
513 2874 716 2912 vocabulis
743 2875 944 2913 adduntur
968 2876 1107 2925 atque:

246 2927 289 2982 a)
314 2932 551 2982 participiis:

200 3002 307 3029 Jahrb.
326 3002 348 3030 f.
367 3003 456 3031 class.
475 3004 583 3031 Philol.
617 3005 722 3037 suppl.
741 3005 797 3032 Bd.
811 3006 929 3032 xxln.
1361 3005 1406 3037 25
