1878 3242
270 159 356 200 374
933 159 975 196 A.
994 159 1141 196 Werth:

272 284 346 310 von
372 271 422 308 da
447 270 496 308 ab
521 284 596 309 nur
621 271 660 308 in
684 270 885 320 Formeln,
910 270 993 309 also
1018 285 1047 309 z.
1068 271 1113 310 B.
1132 271 1216 310 Liv.
1237 272 1304 322 22,
1324 272 1391 320 53,
1415 273 1463 310 11
1491 274 1525 312 si
1548 274 1668 313 sciens
1689 274 1796 323 fallo,

272 334 349 367 {um
383 341 441 367 me
464 329 640 378 Iuppiter
665 330 831 377 pessimo
866 329 934 367 leto
968 331 1118 378 afficiat
1149 325 1373 381 gefunden’‚
1407 342 1484 369 non
1507 331 1622 381 plane
1645 334 1795 372 rectum

270 382 544 496 est.(13rebs
575 388 615 426 111
640 388 677 426 11.
702 401 738 427 v.
764 390 1057 436 commemorat,
1089 387 1155 437 qui
1185 388 1260 427 viri
1290 387 1392 427 docti
1425 389 1473 428 de
1502 389 1575 429 hac
1599 390 1796 430 structura

269 446 421 496 egerint

386 500 545 554 Ubique
580 506 689 544 1438
721 505 779 543 his
809 506 944 553 ubique
972 506 1014 543 in
1043 506 1213 544 versibus
1244 500 1385 558 (Apul.
1404 507 1494 544 met.
1517 507 1553 556 1,
1581 507 1633 544 24
1663 507 1799 555 ubique

269 576 356 601 cum
382 576 469 612 gen.
490 564 705 602 coniunxit.
731 565 876 601 itineris
900 565 1052 611 ubique,
1078 564 1124 602 cf.
1146 563 1274 602 Krebs
1298 563 1338 602 in
1362 564 1398 603 h.
1418 558 1484 617 v.).

383 617 508 660 Ultra
533 624 643 661 2591
671 633 739 660 nec
762 624 835 661 emit
858 622 972 660 ultra.

384 676 581 730 Umquam
612 683 653 719 et
681 692 758 719 non
788 681 829 718 in
861 680 995 719 eodem
1022 680 1224 719 enuntiato
1249 681 1554 731 coniunguntur.
1590 680 1803 720 insolenter

272 741 401 777 1522:
422 735 494 777 ἀπ’
512 735 735 778 ἑλάεεονοε
753 750 936 786 umquam
952 750 1108 777 numero
1126 750 1203 777 mm
1221 739 1418 784 cohibetur,
1438 751 1544 778 more
1557 739 1672 778 solito
1690 741 1802 778 1630

269 798 335 836 secl
357 809 433 836 non
459 801 492 836 et
515 801 660 846 sextum
676 810 749 846 pes
772 798 832 836 hic
854 799 928 836 sibi
951 798 1119 836 vindieat
1141 810 1332 846 umquam.

385 852 564 906 Usquam
591 858 675 895 790
693 868 761 895 nec
781 886 789 896 .
809 887 816 895 .
837 886 847 896 .
865 868 933 895 nec
952 886 960 895 .
981 887 988 895 .
1011 885 1038 900 .,
1073 859 1217 905 tempus
1247 859 1315 895 aut
1343 857 1535 895 ministrat
1565 855 1685 895 ullum
1722 856 1801 894 bre-

267 917 376 955 vibus
400 927 562 963 usquam
585 916 750 964 syllabis.

386 969 500 1012 Unde
531 976 577 1012 ut
601 974 704 1023 apud
730 973 863 1019 Quint.
888 973 1093 1012 duodecies
1119 973 1200 1011 fere
1226 967 1291 1024 (cf.
1310 972 1503 1012 Bonnellii
1531 968 1628 1025 ind.)
1654 974 1694 1012 et
1719 985 1800 1011 sae-

270 1033 429 1082 pissime
456 1033 560 1082 apud
581 1032 722 1071 Gaium
746 1028 812 1083 (cf.
831 1031 945 1070 Kalb.
965 1031 1009 1069 R.
1029 1031 1064 1070 J.
1084 1044 1121 1080 p.
1142 1027 1216 1083 80)
1235 1043 1391 1070 causam
1413 1031 1545 1081 signat
1565 1031 1606 1069 in
1623 1044 1684 1070 vv.
1706 1032 1802 1079 379,

273 1093 367 1141 736,
394 1093 490 1139 901,
518 1092 641 1129 1446.
690 1091 773 1129 Ν80
797 1103 875 1129 11011
899 1089 994 1128 alibi
1018 1089 1215 1129 invenitur
1239 1090 1285 1128 ut
1313 1091 1405 1128 731.
1448 1088 1506 1127 Of.
1533 1101 1650 1140 supra
1675 1090 1715 1128 in
1738 1102 1811 1141 vv.¹

268 1151 355 1188 hinc
379 1152 419 1188 et
442 1150 540 1188 inde.

386 1203 672 1256 Undecumque
711 1209 821 1246 2846
860 1209 920 1246 vir
956 1208 1190 1246 doctissimus
1224 1207 1480 1254 undecumque
1520 1205 1654 1244 Varro.
1715 1205 1802 1244 Vox

271 1267 474 1306 rarissima
498 1269 575 1314 est,
601 1266 669 1304 sed
694 1266 778 1304 sine
802 1265 922 1304 verbo
947 1265 1025 1303 iam
1051 1278 1075 1303 a
1100 1265 1225 1303 Plinio
1250 1265 1290 1302 in
1314 1264 1405 1302 Nat.
1424 1264 1516 1302 hist.
1536 1263 1720 1303 adhibita.

387 1321 522 1374 Usque
551 1319 594 1377 1)
620 1337 708 1362 cum
733 1324 821 1362 aliis
840 1324 1041 1363 vocabulis
1067 1323 1331 1362 coniunctum:
1361 1323 1469 1361 1373
1496 1323 1594 1362 artis
1616 1333 1733 1371 usque
1750 1323 1802 1360 ad

276 1386 350 1422 ista
375 1385 559 1427 nescium,
585 1384 700 1421 2760
725 1394 841 1430 usquc
864 1383 968 1422 adeo.

393 1438 438 1493 2)
463 1455 534 1491 per
559 1454 600 1480 se
627 1442 753 1480 solum
778 1441 949 1490 positum
975 1443 1051 1479 est:

388 1502 470 1539 642
490 1501 650 1548 perdere
679 1500 719 1538 U
739 1501 830 1548 qaia
854 1501 909 1538 sic
931 1501 1079 1538 videtur
1096 1510 1213 1547 usque
1230 1499 1395 1537 vocalem
1413 1509 1558 1541 sonum,
1585 1499 1666 1537 709
1687 1508 1804 1546 usque

271 1560 303 1608 Q
326 1571 534 1607 numquam
558 1559 686 1597 revelli
702 1559 912 1606 propalam
936 1561 989 1596 est
1008 1559 1237 1606 pronomini,
1263 1558 1375 1596 2658
1396 1567 1513 1604 usque
1531 1559 1656 1595 aulem
1673 1557 1804 1596 videas

268 1620 335 1656 hoc
346 1619 484 1666 procul
503 1630 527 1656 a
545 1619 632 1664 fide,
654 1618 764 1655 2788
785 1628 901 1664 usque
919 1619 1044 1656 autem
1062 1617 1137 1655 cluo
1156 1618 1343 1654 commata
1353 1617 1482 1664 possis
1496 1615 1643 1654 credere
1655 1616 1801 1654 rectius.

270 1677 327 1715 Cf.
348 1676 598 1715 Thielmanni
623 1675 938 1715 dissertationem
964 1676 1004 1712 in
1030 1675 1090 1714 W.
1112 1675 1155 1714 A.
1176 1674 1211 1711 V
1231 1688 1268 1724 p.
1289 1675 1384 1713 452.
1433 1673 1506 1712 Hic
1530 1673 1672 1724 igitur,
1695 1675 1801 1723 post-

270 1749 387 1785 quam
420 1746 538 1783 usque
568 1735 747 1773 voculam
782 1747 852 1783 per
877 1746 919 1772 se
944 1734 1066 1772 solam
1092 1734 1260 1783 positam
1285 1745 1401 1782 saepe
1425 1732 1528 1782 apud
1554 1731 1740 1770 Plautum
1765 1733 1806 1770 et

270 1794 516 1842 Terentium,
549 1794 616 1831 sed
641 1794 729 1831 inde
755 1805 779 1830 a
805 1792 988 1831 Cicerone
1013 1792 1095 1830 sere
1121 1792 1247 1830 solum
1272 1791 1311 1829 in
1336 1790 1572 1829 carminibus
1597 1792 1637 1829 et
1659 1790 1702 1828 in
1725 1801 1804 1829 ser-

269 1865 381 1891 mone
406 1851 563 1901 vulgari
588 1851 756 1890 inveniri
775 1850 958 1899 ostendit,
984 1850 1045 1889 his
1063 1850 1194 1889 verbis
1213 1849 1360 1898 pergit:
1387 1845 1488 1887 ‘Auf
1501 1848 1717 1898 Rechnung
1735 1847 1805 1886 der

269 1909 559 1959 Volkssprache
594 1910 776 1947 kommen
812 1909 894 1946 also
929 1908 991 1946 die
1022 1907 1169 1958 Belege
1206 1908 1266 1945 bei
1301 1907 1464 1955 Patron,
1499 1906 1690 1956 Apuleius
1724 1905 1802 1945 und

270 1968 507 2017 Tei-tullian,
540 1968 634 2006 aber
666 1967 757 2005 bald
787 1966 885 2005 nach
911 1966 1112 2004 letzterem
1137 1966 1239 2004 muse
1265 1965 1550 2014 selbstiindiges
1573 1977 1691 2013 usque
1714 1975 1802 2003 aus-

269 2027 479 2076 gestorben
517 2026 611 2065 sein.
660 2026 774 2063 Denn
808 2026 848 2063 in
882 2025 950 2062 der
980 2024 1098 2074 Itala,
1136 2024 1198 2062 die
1232 2023 1328 2062 doch
1365 2023 1440 2061 alle
1471 2022 1803 2062 volkstflmlicben

269 2086 474 2123 Elemente
499 2085 539 2122 111
565 2084 647 2123 sich
673 2084 973 2134 ausgenommen
991 2083 1073 2132 hat,
1100 2083 1244 2121 suchen
1266 2081 1337 2120 wir
1356 2093 1396 2119 es
1416 2081 1645 2131 vergebens.
1689 2081 1801 2119 Auch

269 2144 330 2181 die
357 2143 521 2182 Dichter
544 2143 683 2181 liefern
707 2156 782 2180 nur
808 2142 1000 2192 sparliche
1025 2138 1197 2192 Belege.'

386 2198 442 2240 Ut
470 2198 512 2253 1)
538 2202 731 2251 particula
755 2200 1036 2250 comparativa:

386 2257 429 2312 a)
454 2262 674 2308 utquisque
700 2261 800 2309 148,
830 2261 928 2308 183,
957 2259 1055 2307 226,
1082 2259 1181 2306 521,
1210 2259 1340 2306 2508,
1365 2256 1464 2295 adde
1491 2257 1596 2296 546:
1632 2258 1673 2295 u!
1688 2257 1802 2305 prior

272 2331 525 2367 quaecumque
549 2322 694 2365 eurrcl‚·
718 2318 764 2356 cf.
785 2318 853 2358 Iw.
874 2318 923 2356 M.
943 2313 1001 2355 112
1021 2318 1116 2366 516,
1136 2315 1161 2365 ἓ
1183 2317 1280 2356 280.

386 2373 431 2430 b)
458 2394 512 2408 =
531 2381 650 2426 prout
674 2372 782 2429 (sine
812 2375 1038 2426 pronomine
1070 2371 1264 2427 quisque),
1299 2376 1409 2414 1416
1434 2377 1476 2413 ut
1492 2374 1636 2422 pedum
1659 2376 1802 2412 naiura

262 2440 390 2485 poscet
420 2440 506 2475 ante
529 2437 587 2474 vel
610 2439 710 2475 retro
735 2437 897 2479 bre-vem,
932 2435 1043 2474 1588
1074 2437 1115 2472 ut
1138 2434 1222 2473 illos
1245 2437 1365 2472 metus
1388 2434 1537 2472 iubebat
1560 2435 1627 2471 aut
1643 2433 1802 2481 propin·

269 2509 343 2543 qua
370 2496 523 2537 adoria,
557 2496 667 2533 2037
693 2498 734 2533 πί
753 2495 939 2543 posterior
962 2493 1110 2543 syllaba
1134 2493 1192 2531 vel
1209 2494 1322 2540 prior
1344 2492 1468 2531 soluta
1492 2494 1561 2535 est,
1594 2491 1708 2530 2150
1732 2489 1799 2528 ad-

270 2555 365 2592 (lidii
389 2555 455 2592 illa
482 2554 694 2602 disyllabon
717 2556 759 2591 ut
784 2554 879 2591 liber.

385 2608 422 2661 0)
445 2629 498 2643 ==
518 2615 717 2660 quantum:
746 2613 829 2650 110
853 2612 1079 2659 nequivero,
1108 2611 1218 2649 1018
1237 2612 1279 2648 ut
1291 2620 1460 2658 possum,
1488 2608 1598 2647 1562
1618 2609 1659 2645 1ιί
1675 2607 1797 2655 quibo,

272 2673 323 2708 2.
332 2673 382 2709 42
409 2675 450 2709 u!
474 2672 593 2719 quibo.

382 2726 425 2779 (1)
455 2730 509 2767 De
533 2732 575 2767 ul
591 2732 692 2777 puta
717 2729 764 2767 cf.
785 2740 902 2777 supra.
927 2729 965 2766 in
991 2741 1026 2766 v.
1039 2730 1149 2776 puta.

388 2783 433 2840 2)
459 2787 516 2825 De
540 2791 582 2826 ut
606 2787 851 2826 consecutivo
877 2788 946 2825 aut
969 2786 1077 2824 finali
1101 2798 1177 2824 non
1203 2787 1264 2823 est
1288 2796 1357 2823 cur
1380 2795 1555 2834 agamus.

387 2848 432 2897 3)
460 2845 652 2894 particula
677 2845 968 2884 condicionalis:

392 2905 500 2942 1738
536 2905 724 2943 claudicat
757 2907 799 2942 ut
830 2907 994 2951 repetas,
1030 2901 1161 2951 [2339
1194 2902 1290 2941 nihil
1321 2901 1462 2940 nocebit
1493 2900 1648 2948 quisque
1677 2902 1803 2939 curret
