1878 3242
533 146 587 188 De
611 150 826 188 Terentiam
852 161 1022 187 sermone
1049 151 1088 187 eb
1112 150 1247 186 aetate.
1583 148 1671 190 375

105 270 247 314 ceteris,
271 271 315 307 ut
338 269 509 316 quodqtoe
533 269 695 306 metrum
719 267 798 315 leqc
822 266 1009 304 condatur
1027 276 1103 304 sua
1124 259 1188 316 (P,
1215 264 1403 303 emulatur
1422 263 1558 315 Briss,
1584 275 1670 302 con-

104 331 214 370 detur
230 322 323 382 M)],
351 329 465 367 2790
490 339 609 376 usque
633 329 760 366 autem
779 326 854 365 duo
874 328 1065 364 commata
1080 325 1212 373 possis
1231 325 1383 363 credere
1402 325 1553 374 rectius,
1577 323 1670 362 haec

103 391 191 438 ipsa
212 391 255 427 ut
279 389 411 427 videas
432 388 615 430 darlnon
633 387 701 425 hoc
719 398 792 434 quo
810 386 920 425 moclo
939 387 1030 424 sunt
1049 387 1138 429 sicu,
1163 395 1275 423 versa
1294 385 1360 423 sed
1378 385 1458 423 vice
1475 384 1662 432 pristina.

106 447 164 487 cf.
183 448 252 487 Iw.
274 447 324 487 M.
345 441 405 485 ΙΙ2
425 448 522 497 518,
541 444 567 496 ξ
583 447 680 485 286.

224 502 271 560 4)
299 506 542 547 concessiva:

229 568 341 606 2377
382 568 597 615 quadratus
635 568 678 604 ut
709 566 776 610 sit,
802 567 918 614 parte
948 565 998 603 ab
1029 565 1110 603 ima
1134 564 1345 611 claudicat‚·
1380 563 1432 602 cf.
1452 563 1521 602 Iw.
1541 563 1593 601 M.
1613 558 1670 601 II2

109 629 205 677 520,
230 625 256 676 ξ
277 627 373 665 291.

227 682 457 735 Utcumque
478 686 551 724 93:
575 687 775 733 meumque
794 687 919 724 tamen
930 685 1149 733 proruitur,-
1174 683 1294 723 etiam
1315 684 1422 734 apud
1442 683 1552 722 Curt.
1568 682 1669 722 Vell.

106 746 237 793 Quint.
261 745 351 784 Tac.
373 745 472 783 Plin.
492 745 585 783 min.
607 744 713 784 Suet.
732 746 854 794 postt.
874 743 1107 783 adverbium
1128 745 1206 794 θείη
1231 744 1323 793 plus
1342 743 1433 783 vide
1452 756 1515 793 ap.
1537 742 1664 782 Krebs

105 806 147 845 in
171 806 208 844 h.
234 819 270 844 v.

226 860 397 904 Utinam
421 876 511 903 cum
536 863 635 903 coni.
655 863 810 913 imperf.
833 864 956 902 1251.

227 920 379 974 Utique
407 925 490 963 592
518 926 563 962 ut
587 936 650 973 ap.
676 923 846 973 optimos
872 922 1084 972 scriptores
1110 924 1346 972 usurpatum
1372 924 1446 973 esi,
1472 922 1519 961 cf.
1547 922 1668 961 etiam

107 984 236 1023 Krebs
262 985 303 1022 in
328 984 366 1023 h.
385 997 422 1022 v.

223 1039 442 1092 Utrimque
470 1043 566 1092 978,
595 1042 719 1092 1344,
748 1043 872 1090 1419,
902 1043 1026 1092 1485,
1056 1036 1190 1082 1954?

222 1098 284 1141 Ve
313 1104 366 1141 16
393 1101 489 1140 locis
513 1100 727 1151 invenitur,
750 1101 798 1140 of.
818 1115 856 1151 p.
878 1102 962 1140 355
978 1114 1061 1151 sqq.
1081 1101 1119 1139 h.
1138 1101 1164 1140 l.
1203 1100 1282 1139 Pro
1302 1104 1337 1139 et
1357 1103 1471 1141 2770
1492 1102 1666 1151 legitur:

103 1163 170 1202 sed
193 1164 285 1211 quia
309 1163 498 1201 distinctio
522 1162 638 1200 verba
657 1161 837 1200 dissociat
854 1163 1011 1200 nectitve
1029 1157 1152 1200 aliter.
1197 1160 1280 1199 Nec
1299 1161 1471 1200 multum
1491 1175 1528 1201 v.
1553 1163 1664 1200 1566

105 1221 244 1261 distat:
272 1218 415 1270 Ἀρειν
440 1222 610 1270 quotiens
633 1222 676 1259 in
697 1222 860 1270 yeminis
884 1218 1042 1260 θέεινυε
1066 1232 1237 1269 quaeres,

224 1276 304 1320 Vol
338 1293 457 1331 saepe
490 1279 640 1331 legitur
674 1282 715 1319 et
746 1281 910 1331 propria.
943 1281 1102 1320 notione
1134 1282 1175 1319 et
1206 1293 1278 1330 pro
1304 1283 1388 1328 aut,
1423 1282 1471 1319 ut
1495 1281 1667 1320 alterum

108 1340 350 1390 excludatur,
376 1340 423 1379 ef.
444 1352 566 1390 supra
590 1353 627 1390 p.
650 1341 732 1379 355
749 1352 831 1391 sqq.

222 1400 299 1440 Pro
325 1402 438 1439 etiam
462 1398 525 1438 his
551 1399 665 1438 locis:
693 1401 777 1439 813
804 1401 862 1439 vel
887 1401 1002 1444 solas,
1031 1401 1142 1439 1299
1170 1401 1314 1444 celsio,
1344 1401 1457 1440 1604
1479 1402 1668 1450 attinyam

102 1461 162 1500 vel
178 1472 312 1510 pauca
337 1463 474 1499 tamen.

221 1519 298 1559 Pro
324 1520 484 1568 exempli
509 1531 628 1558 causa
656 1520 787 1558 1139:
812 1520 870 1558 nil
893 1521 974 1558 iam
998 1521 1163 1567 spondeo
1187 1521 1320 1559 videas
1344 1532 1540 1568 superesse
1558 1521 1665 1559 relic-

104 1582 195 1619 tum.
228 1580 288 1618 vel
321 1582 362 1618 tu
395 1580 585 1618 ruricolae
612 1580 789 1627 primum
822 1580 980 1618 decurre
1013 1579 1210 1619 Maronis.
1267 1580 1377 1619 Haec
1412 1580 1520 1618 notio
1555 1581 1665 1630 apud

105 1639 293 1678 Plautum
312 1638 623 1688 Terentiumque
641 1651 742 1685 raro,
769 1640 909 1689 postea
930 1639 1099 1689 saepius,
1118 1639 1313 1689 imprimis
1333 1653 1393 1689 ap.
1415 1638 1492 1678 Cic.
1513 1640 1665 1678 inveni-

104 1701 188 1750 tur,
214 1698 261 1737 ef.
281 1697 349 1738 Iw.
369 1698 421 1736 M.
441 1692 501 1736 11²
526 1699 630 1750 465,
650 1696 677 1747 ἓ
694 1700 789 1738 192.
842 1698 910 1737 Vel
932 1719 982 1724 —
1005 1699 1063 1737 vel
1083 1715 1139 1730 =
1160 1702 1195 1738 et
1211 1720 1269 1726 -
1288 1702 1323 1738 et
1342 1701 1452 1738 2241
1472 1712 1546 1750 sq.:
1572 1712 1666 1739 nam

101 1758 183 1806 fere
202 1757 365 1797 Graecis
389 1761 502 1797 tenax
526 1769 623 1797 cura
647 1761 701 1797 est
722 1759 844 1797 iambi
867 1759 926 1797 vel
949 1759 1108 1797 novellis
1126 1760 1278 1798 comicis
1296 1760 1355 1798 vel
1373 1761 1440 1807 qui
1457 1761 1500 1798 in
1518 1762 1666 1799 vetusta

95 1818 323 1867 praecluent
354 1818 557 1857 comoedia.
611 1816 725 1856 Adde
762 1819 864 1868 683,
899 1817 968 1856 ubi
1001 1818 1060 1857 vel
1086 1839 1141 1844 —
1166 1819 1225 1857 vel
1258 1818 1428 1858 mediam
1463 1819 1664 1869 quandam

103 1876 431 1928 significationem
457 1876 590 1927 habet,
614 1879 662 1915 ut
679 1890 807 1928 nequo
828 1881 897 1916 aut
917 1898 968 1904 —
991 1881 1071 1922 aut,
1090 1891 1219 1928 neque
1240 1881 1274 1917 et
1296 1899 1346 1905 --
1370 1881 1404 1917 et
1422 1878 1475 1917 sit
1494 1873 1571 1931 (=
1591 1881 1664 1919 das

103 1937 185 1976 ane
208 1937 299 1976 Mal
319 1956 371 1964 -
393 1937 466 1975 das
490 1937 631 1976 andere
654 1931 781 1990 Mal):
817 1937 872 1976 sie
898 1939 999 1976 enim
1022 1938 1081 1976 vel
1097 1939 1238 1986 prima
1263 1939 1377 1987 lonya
1402 1939 1461 1977 vel
1479 1940 1593 1987 prior
1616 1941 1663 1987 fit

103 1996 265 2045 syllaba.
317 1994 430 2046 [Non
463 1995 556 2034 addi
589 1997 724 2045 potest
755 1997 1004 2036 enuntiatum
1035 1996 1286 2047 negativum:
1324 1999 1407 2038 292
1442 2010 1488 2036 ne
1514 2011 1664 2047 parum

104 2056 165 2094 vel
182 2056 381 2105 diligenter
400 2052 568 2095 lucideve
586 2054 866 2106 expresserim]
905 2051 1166 2096 cf.1w.M.11²
1179 2058 1277 2109 465,
1292 2057 1317 2107 ξ
1333 2059 1432 2096 192:
1455 2054 1663 2108 ‘Dagegen

108 2114 206 2154 lasst
230 2115 314 2154 sich
338 2115 450 2154 nieht
474 2115 717 2167 verkennen,
742 2116 829 2154 dass
854 2116 896 2154 in
921 2116 991 2154 der
1015 2118 1156 2166 spaten
1181 2116 1388 2167 Latinitfit‚
1415 2130 1457 2156 so
1483 2122 1662 2157 nament-

103 2173 182 2213 lich
206 2174 308 2214 auch
332 2174 387 2213 im
412 2174 706 2213 afrikanischen
730 2174 890 2226 Latein‚
924 2188 984 2215 wo
1010 2176 1068 2214 vel
1093 2177 1173 2214 und
1199 2179 1233 2215 et
1257 2176 1572 2216 durcheinander
1597 2192 1662 2229 ge-

104 2233 257 2272 worfen
281 2233 451 2285 werden,
474 2235 532 2273 vel
551 2254 608 2262 —-
627 2235 686 2273 vel
710 2234 954 2285 vollstfindig
979 2235 1041 2274 die
1067 2235 1396 2285 abgesohwschte
1422 2236 1662 2288 Bedeutung

101 2305 180 2332 von
211 2296 244 2332 et
266 2313 316 2320 —
339 2297 374 2332 et
403 2306 689 2344 augenommen
722 2294 808 2343 hat3
834 2295 880 2344 ja
905 2295 970 2333 bei
995 2293 1169 2345 Cyprian
1194 2294 1318 2334 findet
1343 2295 1426 2334 sich
1453 2309 1573 2347 sogal·
1598 2297 1661 2336 die

103 2350 418 2402 Korresponsion
440 2354 499 2392 vel
521 2374 571 2380 —-
594 2349 654 2392 et?

221 2411 332 2450 Idem
365 2413 500 2451 autem
536 2412 781 2462 significatus
815 2413 857 2451 in
890 2414 948 2451 vel
981 2414 1178 2462 particula
1212 2414 1334 2453 semel
1369 2414 1500 2464 posita
1531 2416 1662 2455 inesse

102 2469 263 2509 videtur
290 2471 390 2511 186:
421 2471 460 2509 B
487 2472 612 2510 littera
636 2473 694 2510 vel
718 2472 756 2510 P
776 2474 889 2520 quasi
913 2473 1084 2521 syllabae
1108 2474 1307 2520 videntur,-
1339 2486 1408 2513 nec
1433 2487 1529 2524 non,
1562 2476 1596 2514 si
1620 2476 1663 2514 in

103 2543 140 2569 v.
162 2531 247 2569 820
279 2530 476 2580 particula
506 2533 548 2569 ut
579 2533 641 2570 est
672 2531 934 2580 consecutiva,
969 2532 1010 2570 in
1036 2533 1188 2572 voculis
1219 2535 1278 2572 vel
1309 2535 1350 2572 et
1375 2537 1461 2573 aut:
1494 2539 1662 2575 nactus

49 2623 54 2626 ,
103 2591 146 2628 ut
169 2589 277 2629 dicas
300 2590 359 2628 vel
383 2592 538 2638 aptus,
563 2593 756 2630 sanctus
782 2594 848 2630 aut
874 2591 1164 2640 Neptunius;
1189 2593 1286 2631 item
1312 2593 1352 2631 in
1378 2605 1439 2638 ve,
1464 2593 1513 2634 cf.
1539 2606 1662 2646 supra

100 2649 142 2687 in
166 2648 203 2687 h.
228 2662 266 2688 v.

220 2702 351 2747 Velut
375 2708 481 2747 haud
506 2720 596 2748 raro
622 2708 850 2748 notionibus
877 2709 1004 2749 solitis
1029 2710 1196 2763 legitur,

205 2762 360 2807 ‘veluti
388 2768 512 2807 1944.

220 2821 331 2866 Vero
363 2828 403 2866 et
432 2834 579 2866 Verum
610 2840 689 2867 non
719 2828 855 2878 paucis
887 2828 983 2868 locis
1017 2831 1176 2869 exstant
1200 2831 1320 2881 atque
1345 2833 1471 2871 multo
1498 2833 1658 2883 saepius
1675 2847 1689 2859 ··

104 2897 223 2935 quam
244 2889 390 2933 autem
421 2886 468 2925 cf.
489 2887 558 2926 Iw.
578 2887 631 2926 M.
650 2882 706 2925 ΙΙ2
727 2889 825 2938 464,
845 2887 871 2938 ξ
889 2890 982 2927 189.
1030 2889 1172 2929 Verum
1198 2892 1298 2929 enim
1316 2903 1384 2930 nec
1404 2892 1502 2942 501,
1529 2904 1658 2932 verum

106 2945 205 2984 enim
230 2975 238 2983 .
258 2973 268 2984 .
288 2977 296 2985 .
320 2958 397 2985 non
422 2947 518 2986 815.
