1878 3242
527 150 582 187 De
607 149 824 187 Terentiani
847 160 1015 186 sermone
1040 152 1079 186 et
1103 151 1238 186 aetate.
1579 149 1664 190 329

630 315 695 352 De
725 313 907 360 syntaxi
936 322 1138 352 casuum.

791 411 983 450 Genetivo

105 491 297 542 partitivo
318 491 581 530 Terentianus
600 490 798 529 interdum
819 490 963 540 signat,
991 489 1098 541 quod
1118 489 1332 539 scriptores
1353 490 1558 542 elegantes
1580 503 1665 538 uno,

107 552 325 601 eodemque
359 563 453 590 casu
485 550 725 590 substantivi
756 562 846 589 cum
876 549 1070 588 adiectivo
1102 551 1173 587 aut
1203 550 1434 599 pronomine
1466 550 1664 589 coniuncti

108 611 327 660 exprimere
362 610 503 649 solent.
560 609 638 648 Sed
667 610 772 648 hunc
804 609 1050 659 genetivum,
1082 621 1199 658 quem
1231 604 1384 660 Kritz¹)
1418 622 1439 648 e
1471 610 1663 649 sermonis

107 670 288 720 vulgaris
313 682 388 708 usu
414 668 572 719 repetit,
599 681 620 707 e
644 668 773 718 poetis
800 681 891 707 raro
917 668 996 707 iam
1021 667 1191 707 Plautus
1217 667 1399 708 Catullus
1419 669 1616 718 Lucanus,
1641 682 1663 708 e

110 729 370 779 scriptoribus
390 728 615 779 Sallustius,
634 727 899 778 compluriens
919 727 1070 776 Livius,
1089 740 1207 777 saepe
1227 728 1375 767 Fronto
1389 727 1664 779 Apuleiusque

107 782 359 841 praebent2).
404 787 633 826 Terentiani
651 790 785 826 autem
805 788 985 837 exempla
1003 787 1101 826 haec
1120 789 1231 826 sunt:
1257 788 1342 827 406
1363 800 1431 827 nec
1448 789 1525 836 fuit
1542 788 1666 837 lonyis

106 849 281 896 iuyanda
304 848 363 886 vel
387 849 513 886 brevis
536 848 738 891 vocalium,
765 847 848 886 515
874 847 946 885 ulli
970 847 1170 892 vocalium,
1198 848 1281 886 647
1307 849 1507 886 nominum
1526 848 1663 895 multa,

109 909 193 947 679
220 907 353 955 aliqua
377 909 650 946 consonantum
675 907 812 950 littera,
841 907 923 945 786
950 909 1129 954 quattuor
1146 907 1239 945 solis
1256 907 1438 946 adhaeret
1455 919 1663 946 consonan-

105 969 186 1006 tum
210 967 361 1010 litteris,
394 967 478 1005 808
511 967 662 1005 cuilibet
683 966 892 1009 vocalium,
925 966 1037 1004 1502
1064 966 1175 1004 illum
1198 967 1428 1011 ionicorum,
1463 969 1578 1006 1750
1595 980 1666 1016 pe-

101 1027 194 1065 dum
234 1037 502 1074 quemcumque
545 1026 710 1064 duorum
737 1041 792 1055 =
818 1027 1022 1073 utrumque
1055 1025 1213 1073 pedem,
1265 1026 1379 1065 1784
1423 1027 1492 1065 hoc
1534 1029 1664 1075 ipsum

99 1085 200 1124 iuris
222 1085 371 1124 habere.

220 1143 434 1184 Genetivos
461 1143 666 1193 qua-litatis
693 1146 828 1182 autem
853 1145 901 1182 ut
925 1144 1090 1182 duorum
1115 1138 1206 1193 (aut
1226 1138 1424 1197 plurium)
1451 1148 1664 1193 temporum

102 1215 182 1242 esse
201 1197 319 1257 (356,
345 1204 443 1251 407,
471 1204 568 1253 558,
597 1204 694 1254 583,
719 1204 818 1251 585,
847 1199 993 1252 2213),
1018 1205 1103 1242 soni
1122 1203 1288 1242 alicuius
1307 1199 1426 1255 (400,
1444 1205 1544 1253 488,
1565 1206 1663 1257 565,

103 1264 201 1314 720,
228 1259 348 1315 764),
372 1264 442 1302 iste
466 1263 631 1310 quinque
647 1263 794 1311 pedum
818 1256 989 1316 (1723),
1013 1263 1113 1311 quod
1139 1257 1241 1314 (scil.
1261 1258 1455 1315 metrum)
1480 1266 1530 1303 sit
1553 1266 1662 1312 quin-

100 1334 171 1370 que
193 1323 339 1370 pedum
369 1315 542 1375 (2149),
571 1334 644 1370 pes
675 1322 842 1361 eiusdem
863 1323 1014 1370 qeneris
1039 1315 1194 1375 (1881)
1221 1322 1367 1361 simma
1392 1323 1572 1362 conferre
1598 1324 1663 1364 vix

101 1393 200 1431 opus
226 1383 297 1420 est.

218 1439 331 1486 Quod
345 1440 386 1479 in
404 1454 440 1479 v.
457 1442 570 1479 2182
591 1442 647 1479 tui
666 1443 780 1480 tenaci:
797 1440 942 1489 vigoris
954 1440 1115 1490 legitur,
1136 1440 1214 1479 iam
1230 1440 1321 1479 inde
1336 1454 1361 1479 a
1373 1440 1494 1491 Verg.
1510 1443 1551 1481 et
1565 1442 1661 1482 Hor.

98 1501 240 1549 poetae
277 1502 318 1538 et
354 1512 497 1550 prosae
534 1500 747 1550 scriptores
785 1500 891 1538 idem
930 1500 1170 1539 vocabulum
1211 1513 1300 1539 cum
1341 1501 1528 1551 genetivo
1570 1514 1659 1540 con-

99 1554 365 1613 iunxerant3),
390 1572 519 1609 neque
544 1559 603 1598 illi
619 1572 723 1608 pars
747 1557 1060 1608 (consonantum)
1085 1562 1194 1599 muta
1218 1562 1304 1599 soni
1329 1554 1386 1614 (v.
1408 1555 1484 1615 91)
1511 1561 1662 1601 similes

101 1618 210 1668 apud
233 1619 384 1668 priores
411 1618 555 1657 desunt
580 1618 758 1669 genetivi
781 1618 996 1657 relationis.

217 1677 265 1716 In
289 1691 325 1717 v.
354 1679 467 1717 2323
500 1680 634 1716 autem
666 1690 780 1717 versu
809 1679 930 1717 iambi
960 1690 1031 1727 pro
1063 1690 1178 1718 versu
1211 1680 1373 1718 iambico
1405 1679 1455 1719 ob
1487 1681 1661 1719 metrum

100 1736 318 1776 insolenter
341 1737 491 1776 dictum
516 1739 587 1776 est.

767 1827 826 1863 De
851 1826 990 1863 dativo

98 1916 200 1954 quae
224 1903 479 1954 proferantur
504 1915 631 1953 pauca
650 1903 772 1954 digna
791 1905 894 1943 sunt.
939 1904 1079 1954 Neque
1101 1904 1207 1942 enim
1225 1903 1415 1943 abhorret
1434 1905 1484 1944 ab
1504 1906 1658 1944 urbana

100 1963 300 2002 latinitate
331 1962 490 2002 dativus
521 1962 654 2002 verbis
687 1962 934 2013 simplicibus
966 1963 1172 2011 copulandi
1200 1964 1384 2012 iungendi
1406 1965 1569 2012 iuyandi
1594 1964 1660 2003 ad-

100 2024 231 2061 sertus
242 2016 279 2074 4)
303 2024 367 2060 ut:
402 2023 486 2061 808
512 2033 612 2061 newa
710 2023 860 2061 cuilibet
883 2023 1084 2067 vocalium,
1112 2023 1196 2062 848
1223 2024 1360 2071 quibus
1384 2025 1493 2072 iumqi
1511 2028 1661 2075 queant,

102 2083 206 2130 875,
233 2093 300 2120 seu
323 2083 474 2130 iuyctur
499 2081 627 2132 alteri,
656 2082 766 2120 1321
794 2082 874 2121 sive
897 2093 1023 2120 secum
1047 2082 1106 2120 vel
1129 2084 1297 2130 sequenti
1322 2083 1520 2131 copulatas
1544 2084 1660 2132 sylla-

101 2142 188 2186 bae,
229 2141 339 2180 1331
379 2141 437 2179 vel
470 2141 544 2179 sibi
577 2152 663 2179 eum
697 2141 924 2189 copulantur
959 2135 1074 2192 (cum
1109 2141 1337 2180 antecedat:
1373 2143 1453 2180 sive
1483 2144 1663 2190 praesint

100 2200 234 2247 alteru
266 2199 493 2239 concinnius
525 2199 684 2238 fuisset:
716 2201 795 2239 sive
825 2211 953 2239 secum
984 2194 1249 2254 copulentur),
1286 2201 1397 2240 1639
1424 2202 1514 2240 imis
1537 2203 1662 2252 iunqit

98 2259 304 2298 exordium.

215 2317 352 2368 Neque
375 2317 417 2356 in
441 2318 636 2367 poematis
661 2318 772 2357 aurei
796 2317 885 2358 aevi
910 2318 1120 2357 audaciora
1138 2318 1276 2357 futura
1295 2318 1419 2358 fuisse
1438 2320 1536 2369 puto
1557 2320 1656 2359 haee

97 2377 295 2427 exempla:
328 2378 411 2416 649
437 2375 596 2416 Aeolica
626 2378 804 2416 dialectos
834 2380 961 2416 autem
984 2379 1106 2416 mixta
1131 2379 1252 2426 ferme
1276 2381 1329 2417 est
1353 2379 1500 2423 Italae,
1539 2380 1651 2418 2151

97 2437 306 2484 spondeum
335 2448 403 2474 nec
433 2438 533 2474 enim
564 2438 682 2484 capiti
712 2437 810 2475 locat
841 2438 1029 2481 omnium,
1063 2438 1176 2476 2566
1204 2438 1322 2486 pedes
1346 2438 1517 2477 diversos
1541 2440 1660 2487 capiti

99 2497 218 2534 trium
255 2490 449 2547 locatos⁵).
509 2494 634 2534 Sensu
671 2498 806 2534 autem
843 2495 1101 2535 insolentiore
1138 2509 1259 2546 quam
1298 2498 1503 2543 structura
1541 2497 1659 2536 dixit:

104 2555 184 2593 911
214 2555 470 2602 adseruntque
494 2555 659 2593 exordiis
684 2556 725 2593 et
752 2556 864 2594 1783
890 2557 940 2594 sit
964 2556 1090 2603 qualis
1114 2556 1265 2604 syllaba
1289 2557 1373 2603 fini.

215 2612 354 2663 Neque
373 2613 432 2652 ita
450 2612 634 2652 inusitati
653 2616 768 2652 erant
788 2614 913 2653 dativi
926 2614 1147 2664 participiis
1159 2615 1258 2664 perf.
1273 2627 1378 2665 pass.
1391 2627 1463 2664 pro
1477 2628 1660 2666 praepos.

216 2751 252 2796 1)
277 2749 324 2786 ad
351 2748 439 2785 Sall.
466 2750 545 2795 lug.
566 2753 623 2786 63.

216 2801 252 2843 2)
278 2796 331 2832 cf.
351 2795 469 2832 Ebert
491 2797 588 2842 part.
607 2796 635 2833 Ι.

216 2847 253 2889 3)
279 2843 332 2880 cf.
360 2845 492 2889 Draeg.
512 2843 548 2879 1²
572 2856 607 2890 p.
628 2848 708 2881 482.

216 2893 253 2936 4)
279 2891 332 2927 Cf.
353 2890 487 2936 Draeg.
508 2891 542 2927 1⁵·
567 2895 587 2934 ξ
608 2895 693 2935 187,
719 2891 765 2928 de
790 2905 826 2929 v.
846 2896 914 2928 579
936 2893 982 2930 cf.
1003 2905 1037 2939 p.
1059 2897 1128 2930 335
1142 2906 1195 2940 sq.
1222 2894 1331 2931 huius
1354 2893 1420 2931 lib.

218 2941 254 2984 5)
279 2937 332 2975 cf.
352 2937 486 2985 Draeg.
507 2938 539 2974 1¹
566 2942 586 2982 ἓ
607 2942 686 2976 188.
