1878 3242
273 198 357 240 366
679 231 685 239 .
934 202 978 238 A.
997 202 1142 238 Werth:

389 308 517 350 Porro
554 324 669 362 saepo
695 313 840 362 legitur
865 316 983 364 atque
1007 314 1237 364 plerumque
1261 313 1335 352 hae
1359 314 1498 353 vocula
1519 314 1572 353 ad
1595 297 1798 364 insequen-

272 371 327 408 tia
353 371 543 408 transitus
570 371 624 408 fit.
668 370 808 421 Itaque
826 385 861 410 v.
884 373 968 410 670
981 384 1074 422 sqq„
1101 383 1190 411 cum
1209 371 1286 410 dici
1305 384 1382 410 non
1400 371 1542 421 possitt
1566 374 1684 420 quod
1706 373 1801 412 haec

270 429 341 467 1100
366 429 498 479 modo,
533 429 602 467 illa
627 429 694 467 illo
719 430 834 468 modo
859 430 976 479 fiunt,
1001 442 1098 469 ecce
1121 441 1279 469 rursum
1302 431 1517 480 discrepare
1542 431 1685 471 litteras
1707 433 1802 470 istas

270 488 389 530 vides,
415 487 470 526 sic
495 487 712 537 distinguo:
745 523 749 527 Α

477 578 519 612 ut
546 577 657 623 pius
690 587 774 613 cum
807 576 888 614 dico
921 577 1043 620 dius,
1077 578 1205 617 ocius
1239 577 1296 615 vel
1327 576 1535 622 Caclius,

478 634 586 671 nulla
611 634 854 682 diphthonyos
877 636 976 682 quod
999 638 1086 673 ante
1110 632 1213 673 ἰῶτα
1229 637 1427 683 praemitti
1450 637 1551 675 sinit.

539 692 673 730 Media
690 703 810 740 porro
834 695 869 731 si
893 694 1031 731 locetur
1063 693 1108 743 U,
1133 695 1178 740 fit
1201 705 1281 732 una
1305 694 1463 742 syllaba.

479 762 557 789 cccc
579 762 736 789 rursum
759 751 976 801 discrepare
999 752 1145 790 litteras
1174 753 1269 791 istas
1293 753 1405 791 vides.

385 837 588 875 Interdum
614 838 694 877 vim
714 851 836 887 paene
855 839 1145 878 adversativam
1163 839 1284 878 habet
1303 842 1348 879 ut
1367 841 1463 888 966,
1490 841 1613 887 1308,
1638 839 1679 878 id
1698 839 1801 890 quod

267 896 344 934 iam
370 895 459 945 Cic„
494 897 649 946 saepius
685 899 815 934 autem
849 897 941 936 Sall.
969 900 1008 936 et
1039 897 1171 944 Quint.
1197 898 1360 948 habent;
1393 898 1433 936 in
1458 912 1493 938 v.
1522 899 1632 937 1347
1669 900 1800 937 autem

269 955 386 1003 plane
412 967 482 1003 pro
507 967 595 993 vero
618 955 683 994 vel
706 957 772 994 sed
794 955 888 1005 poni
912 956 1087 1006 videtur3
1113 957 1160 996 cf.
1181 956 1318 995 Krebs.
1336 956 1376 995 in
1400 957 1436 996 h.
1457 970 1492 996 v.

384 1008 603 1052 Postmodo
630 1015 731 1062 9773
764 1015 885 1052 semel
915 1027 939 1052 a
965 1014 1166 1063 Terentio,
1198 1018 1283 1054 tum
1314 1027 1339 1054 a.
1362 1015 1447 1055 Liv.
1471 1015 1652 1066 aliisquo,
1685 1026 1801 1065 saepo

267 1074 359 1122 post
383 1072 609 1121 Augustum
635 1074 865 1122 usurpatum
891 1073 939 1112 cf.
967 1073 1086 1111 etiam
1111 1073 1237 1112 Krebs
1261 1073 1302 1111 in
1326 1073 1364 1113 h.
1384 1087 1420 1113 v.

381 1125 643 1169 Postmodum
670 1132 765 1178 721,
792 1128 916 1170 2220.
965 1131 1048 1170 Liv.
1070 1131 1155 1170 Val.
1176 1131 1277 1170 Max.
1297 1132 1346 1170 al.

380 1184 604 1238 Postquam
630 1201 718 1227 cum
743 1189 820 1228 ind.
841 1202 966 1239 praes.
990 1191 1032 1238 53
1057 1190 1105 1228 os.
1124 1203 1161 1239 p.
1181 1191 1264 1229 346
1286 1190 1323 1227 h.
1342 1190 1367 1228 l.

382 1242 484 1286 Poto
510 1248 592 1286 sine
617 1248 737 1286 verbo
762 1248 1011 1287 substantivo
1038 1261 1058 1287 e
1083 1249 1307 1287 coniectura
1330 1248 1571 1287 Lachmanni
1594 1249 1635 1287 in
1660 1261 1696 1288 v.
1716 1250 1798 1288 223

267 1306 398 1355 posita
422 1319 443 1344 e
469 1318 646 1344 sermone
671 1306 882 1345 cottidiano
910 1310 1066 1356 sumpta
1090 1308 1159 1346 est.
1204 1306 1293 1346 Non
1319 1319 1410 1345 raro
1430 1319 1490 1356 ap.
1509 1306 1639 1346 Plaut.
1658 1306 1801 1346 Varro-

268 1378 451 1414 nemque‚
484 1367 545 1402 ter
570 1365 674 1413 apud
699 1365 954 1415 Frontonem,
984 1378 1054 1404 noc
1078 1378 1156 1404 non
1180 1378 1242 1414 ap.
1267 1364 1409 1403 Catull.
1435 1364 1511 1404 Cic.
1538 1365 1673 1414 Propr.
1698 1365 1801 1404 Patr.

270 1424 433 1473 legitur3
459 1423 505 1461 cf.
527 1422 741 1461 KflhnerII
760 1437 796 1472 p.
812 1426 849 1473 9,
869 1423 957 1461 adn.
972 1425 1010 1473 3,
1030 1422 1073 1462 Ο.
1094 1423 1273 1473 Robling‚
1299 1423 1476 1462 Vorsuch
1501 1423 1608 1462 einer
1627 1423 1799 1462 Charak-

270 1482 425 1521 turistik
440 1482 509 1520 der
521 1485 616 1520 rom.
628 1481 998 1531 Umgangsspraehe
1013 1495 1048 1531 p.
1061 1485 1099 1532 9,
1112 1483 1180 1522 Iw.
1190 1482 1240 1521 M.
1252 1477 1312 1520 11²
1325 1483 1407 1521 399
1422 1495 1459 1520 n.
1472 1484 1537 1530 10,
1551 1481 1674 1520 Ebert
1686 1495 1722 1531 p.
1735 1482 1802 1521 30.

381 1536 498 1579 Potis
514 1537 590 1584 ost,
612 1540 716 1590 quod
734 1540 775 1578 in
788 1553 824 1579 v.
841 1542 894 1579 88
915 1541 1073 1591 legitur,
1091 1553 1115 1579 a
1133 1540 1260 1590 poetis
1273 1552 1565 1590 nonnumquam
1578 1541 1802 1589 usurpatur.

381 1595 529 1637 Potius
548 1599 698 1648 vocula,
724 1611 824 1649 quae
851 1601 932 1638 511
961 1601 1100 1648 exstat,
1127 1611 1242 1649 saepe
1267 1611 1328 1648 ap.
1348 1599 1595 1647 Frontonem,
1621 1599 1743 1638 semol
1761 1598 1801 1636 in

271 1659 388 1708 Apul.
414 1660 507 1696 met.
533 1658 742 1696 invenitur.

383 1712 608 1755 Praeterea
635 1717 745 1755 1642
773 1717 814 1754 et
841 1718 963 1756 1988.

380 1771 583 1813 Primitus
604 1777 698 1814 206.
733 1774 847 1814 Locis
867 1775 989 1814 Lucil.
1014 1776 1049 1822 1,
1069 1774 1183 1812 Luor.
1198 1776 1236 1822 2,
1255 1774 1384 1824 Priap.
1401 1776 1438 1825 1,
1457 1773 1568 1812 Varr.
1584 1774 1622 1824 4,
1642 1773 1742 1812 Ciris
1765 1776 1802 1821 1,

266 1835 354 1874 Val.
370 1834 472 1872 Max.
490 1836 526 1882 1,
546 1834 650 1872 Petr.
668 1835 703 1882 1,
724 1833 830 1872 Suet.
848 1836 883 1883 1,
903 1833 1001 1872 Gen.
1017 1835 1055 1881 2,
1075 1833 1181 1872 Tert.
1198 1835 1234 1882 1,
1252 1832 1361 1871 Lact.
1376 1834 1414 1882 3,
1433 1832 1569 1871 multis
1583 1831 1800 1882 Augustini

268 1895 308 1931 et
332 1893 459 1930 Amm.
479 1892 597 1930 Marc.
618 1892 781 1941 legitur,
806 1892 854 1930 cf.
875 1891 986 1930 Neue
1004 1885 1063 1929 11²
1080 1904 1117 1940 p.
1133 1892 1228 1930 670.

381 1945 545 1989 Pridom
565 1951 609 1987 ut
626 1949 801 1988 Iustinus
812 1949 888 1987 XII
902 1951 939 1997 6,
956 1950 979 1988 7
998 1962 1070 1998 pro
1087 1960 1209 1996 nuper
1227 1949 1479 1998 usurpavisse
1491 1949 1664 1988 videtur:
1685 1950 1797 1988 2448

265 2013 306 2047 ut
330 2010 481 2057 pridem
506 2006 645 2046 Avitus
669 2006 799 2055 Alfius
823 2009 940 2047 libros
962 2010 1077 2056 poeta
1093 2008 1290 2055 plusculos
1314 2008 1512 2046 conscribit
1534 2007 1799 2046 excellentium.

381 2063 518 2106 Primo
542 2068 650 2106 1597
679 2067 908 2115 distinyuere
925 2069 1045 2105 metra
1062 2077 1266 2114 paramus,
1290 2066 1405 2104 heroa
1420 2067 1562 2114 primo,
1586 2077 1672 2104 mox
1690 2066 1799 2104 adire

269 2128 452 2172 ·iambica;
481 2127 591 2164 1592
617 2127 749 2163 autem
775 2137 1060 2175 supervacuum
1084 2126 1162 2164 ost:
1186 2125 1361 2172 spondeis
1384 2124 1493 2163 illum
1515 2119 1697 2175 (heroum
1713 2135 1800 2163 vor-

270 2188 376 2237 sum)
396 2186 524 2233 primo
547 2186 681 2222 natum
707 2186 829 2222 cernis
851 2195 925 2223 sex.
1515 2179 1517 2181 ’

382 2239 504 2281 Prius
523 2241 721 2280 interdum
740 2242 897 2291 legitur,
918 2241 985 2280 ubi
1003 2241 1112 2281 notio
1131 2240 1267 2280 localis
1287 2253 1404 2291 quam
1424 2240 1653 2290 temporalis
1671 2239 1802 2290 aptior

266 2304 366 2340 erat:
403 2303 512 2340 1499
539 2301 671 2349 lonqas
687 2303 804 2348 prius
829 2302 1012 2344 locamus,
1039 2300 1170 2339 exinde
1193 2301 1320 2338 breves
1343 2300 1557 2343 subdimus,
1586 2299 1696 2337 1507
1716 2310 1801 2347 pes,

265 2363 397 2409 lonyas
423 2361 592 2409 yeminat
622 2361 687 2407 qm·
710 2361 827 2408 prius
858 2363 891 2398 et
923 2361 1030 2407 iuqat
1053 2360 1232 2402 minores,
1269 2358 1379 2397 1535
1406 2360 1447 2396 tu
1469 2369 1566 2406 pone
1589 2357 1803 2396 trochaeum

258 2421 375 2467 prius
400 2422 434 2457 et
456 2430 543 2456 ‘mox
561 2419 804 2466 pariambon.

380 2472 600 2527 Propalam
625 2478 686 2515 est
710 2479 754 2515 ut
771 2477 910 2524 palam
934 2479 997 2519 est,
1022 2475 1062 2514 id
1087 2476 1190 2526 quod
1214 2487 1328 2514 nemo
1354 2474 1455 2513 alius
1481 2474 1586 2522 fecit,
1611 2485 1699 2512 cum
1723 2485 1802 2513 aco.

266 2539 306 2574 et
341 2536 407 2574 inf.
434 2535 649 2574 coniunxit:
687 2537 768 2574 709
796 2535 828 2584 Q
860 2546 1069 2582 numquam
1101 2534 1229 2572 revelli
1254 2534 1461 2582 propalam
1491 2535 1543 2572 est
1570 2533 1801 2580 pronomini,

269 2596 379 2633 2327
407 2595 596 2642 spondeon
622 2605 699 2632 csse
724 2596 813 2641 post
837 2594 1050 2632 trochaeum
1071 2593 1280 2640 propalam
1304 2594 1368 2630 est.
1418 2591 1626 2639 Propazam
1650 2589 1798 2629 rarissi-

265 2666 370 2690 mum
398 2655 476 2702 est,
502 2654 631 2691 exstat
655 2664 716 2701 ap.
743 2651 870 2690 Plaut.
898 2650 975 2689 Cic.
1001 2650 1103 2700 Liv.;
1129 2650 1177 2689 ef.
1201 2650 1321 2688 etiam
1346 2661 1375 2688 s.
1400 2662 1435 2687 v.
1453 2649 1601 2698 palam.

381 2707 526 2761 Propo.
578 2710 755 2748 Insolens
779 2713 854 2748 est:
889 2710 1001 2748 2892
1026 2709 1136 2748 illum
1153 2720 1276 2756 prope
1299 2709 1347 2747 ab
1371 2708 1501 2747 ultimo
1518 2707 1677 2756 palem,-
1711 2717 1797 2745 son-

265 2783 351 2807 sum
390 2770 554 2809 localem
591 2769 672 2807 198
708 2780 862 2819 quoque
896 2767 1035 2806 habet:
1060 2778 1194 2806 sonum
1219 2768 1367 2815 prioris
1399 2766 1475 2814 ipsi
1502 2775 1622 2814 prope
1655 2765 1800 2812 sufficit

258 2829 405 2875 palato.
438 2828 514 2865 Pro
525 2839 651 2875 paene
663 2826 871 2865 adhibetur
883 2827 992 2865 2131
1010 2828 1081 2864 toto
1092 2837 1216 2874 prope
1228 2826 1415 2869 carmine;
1434 2823 1481 2862 of.
1492 2822 1608 2862 Hand
1621 2822 1678 2861 IV
1694 2823 1789 2862 602.

382 2882 562 2924 Prorsus
586 2886 743 2923 notione
770 2884 915 2923 usitata
939 2884 1136 2923 interdum
1159 2883 1368 2922 invonitur.

381 2939 499 2983 Puta.
553 2940 604 2981 Ut
619 2946 719 2991 puta
745 2942 1020 2992 Terentianus,
1054 2953 1287 2991 quamquam
1313 2939 1537 2990 saepissime
1562 2939 1599 2978 ei
1623 2939 1801 2989 exempla
