1942 3262
294 158 377 200 298
951 158 994 193 A.
1020 156 1165 194 Werthz

297 282 399 333 esse·
420 270 575 317 poetam
613 268 827 316 novellum,
863 270 995 307 tamen
1028 267 1173 307 Sereno
1208 268 1408 307 nominato
1444 267 1721 307 Terentianum
1758 268 1819 308 bis

294 328 442 365 vmbxs-
471 386 581 423 1992
600 396 679 433 sqq.
713 396 805 422 nam
829 384 939 432 lyrici
963 386 1130 432 quotiens
1153 397 1226 423 sua
1249 385 1376 423 volunt

713 443 888 480 carmina
904 453 978 490 per
1001 444 1131 481 varios
1155 443 1249 481 dare
1271 454 1399 487 sonos,

706 500 887 547 pluribus
910 501 979 539 illa
1001 502 1123 539 modis
1147 502 1202 539 ita
1225 504 1367 540 novant

295 582 342 619 de
373 581 601 631 aequalibus
633 580 740 630 loqui
772 594 818 619 ex
849 582 933 620 toto
964 581 1048 620 loco
1081 583 1260 631 apparet,
1290 582 1423 631 itaque
1455 581 1574 620 etiam
1599 581 1820 620 Annianum

297 652 374 677 uon
398 640 455 677 ita
479 639 603 677 multo
629 638 816 676 maiorem
840 642 936 677 natu
962 651 1046 678 esse
1071 651 1188 689 quam
1214 639 1504 679 Terentianum.

415 697 527 742 Quod
552 698 719 735 fortasse
745 698 864 735 etiam
889 698 961 736 hac
985 710 1027 736 re
1052 698 1317 749 confirmatur,
1342 698 1445 748 quod
1470 711 1491 737 e
1515 711 1576 738 vv.
1592 700 1702 738 1998
1717 710 1799 749 sqq.

714 779 809 817 talia
839 779 946 817 docta
976 780 1134 818 Falisca
1164 781 1330 828 leyimus.

713 837 819 875 Nam
849 838 915 875 tibi
944 839 1068 876 notius
1096 838 1164 876 hoe
1183 849 1302 886 yenus
1332 840 1418 882 erit,

567 897 679 934 2000
711 896 879 933 carmine
908 897 1034 943 siquid
1064 897 1112 934 ab
1142 897 1209 935 hoc
1230 908 1395 944 posuero

301 977 549 1026 cognoscitur
563 976 790 1014 Terentiani
809 978 939 1015 aetate
953 977 1122 1015 Anniani
1139 997 1187 1003 —
1205 977 1238 1015 si
1257 979 1389 1016 tamen
1402 979 1509 1016 recta
1522 980 1584 1016 est
1594 977 1638 1016 L.
1647 977 1824 1016 Muelleri

296 1036 512 1085 disputatio
533 1055 586 1061 —
607 1035 779 1072 carmina
802 1034 980 1073 lectitata
1005 1038 1046 1073 et
1070 1035 1242 1073 omnium
1266 1035 1307 1073 in
1331 1035 1510 1074 manibus
1535 1035 1666 1075 fuisse.
1714 1035 1825 1081 Quod

298 1094 466 1133 secundo
487 1093 642 1131 saeculo
662 1093 809 1131 factum
829 1105 913 1131 esse
933 1105 1050 1143 quam
1069 1096 1207 1142 postea
1224 1093 1348 1132 multo
1367 1093 1609 1144 probabilius
1628 1096 1699 1132 est.
1721 1093 1823 1132 Nam

298 1154 401 1190 certe
420 1151 568 1189 Marius
590 1150 830 1199 Victorinus,
849 1163 1085 1200 quamquam
1110 1151 1263 1190 scribit:
1287 1153 1386 1199 quod
1405 1163 1525 1200 yenus
1547 1153 1656 1190 metri
1673 1150 1823 1190 Annia·

299 1222 373 1248 nus
397 1209 596 1248 Faliscum
627 1220 780 1246 carmen
809 1211 997 1252 inscribit,
1028 1221 1116 1247 cum
1146 1221 1302 1248 versusz
1333 1210 1483 1257 quando
1512 1210 1664 1258 tlaqella
1694 1221 1722 1248 e.
1741 1222 1773 1257 q.
1793 1222 1823 1248 s.

300 1269 444 1306 Sereno
470 1267 680 1314 attribuat,
704 1267 788 1316 ipse
813 1279 967 1305 carmen
993 1279 1068 1305 non
1100 1267 1214 1317 legit,
1239 1267 1307 1306 sed
1337 1279 1425 1305 cum
1450 1267 1584 1306 Servio
1613 1268 1664 1305 ab
1689 1267 1825 1306 eodem

301 1330 349 1364 ut
373 1326 530 1363 videtur
555 1326 714 1363 auctore
747 1321 974 1376 deceptus1)
1006 1325 1168 1374 erravit,
1197 1327 1244 1363 ut
1268 1325 1434 1363 Mueller
1465 1326 1489 1364 l.
1509 1337 1540 1364 c.
1565 1338 1601 1374 p.
1622 1326 1704 1364 342
1736 1337 1823 1363 con-

300 1383 436 1422 tendat
446 1398 458 1431 ε,
479 1383 558 1422 Scit
581 1384 664 1421 dem
687 1384 830 1422 vierten
852 1384 1116 1422 Jahrhundert
1139 1384 1279 1422 scheint
1296 1382 1504 1422 Annianus
1527 1395 1602 1422 nur
1624 1384 1717 1422 noch
1740 1384 1825 1422 sehr

299 1444 419 1490 were&
439 1443 585 1490 yelesen
603 1442 755 1479 worden
771 1453 819 1480 zu
837 1443 929 1480 sein.
966 1441 1050 1480 Hoc
1074 1444 1207 1480 autem
1232 1442 1398 1480 fortasse
1422 1442 1539 1480 etiam
1564 1441 1605 1479 iu
1629 1441 1825 1480 saeculum

297 1500 459 1538 tertium
485 1500 600 1539 cadit.

416 1558 553 1608 Neque
578 1557 705 1596 minus
731 1557 780 1596 ad
806 1557 993 1596 Schultzii
1023 1558 1257 1596 sententiam
1287 1558 1470 1606 quadrat,
1495 1557 1599 1607 quod
1624 1556 1825 1596 Annianus

302 1620 343 1655 et
362 1616 588 1654 Terentiani
614 1616 788 1665 aequalis
808 1615 1020 1665 Septimius
1047 1617 1182 1654 eadem
1207 1618 1420 1654 metrorum
1445 1615 1596 1654 ratione
1617 1611 1825 1667 utuntur⁸)

303 1679 344 1712 et
368 1674 538 1723 Nonius,
563 1674 630 1723 qui
663 1675 895 1724 scriptorum
921 1675 1103 1724 Augusto
1128 1673 1389 1723 posteriorum
1422 1673 1551 1711 nullos
1579 1673 1656 1711 nisi
1681 1672 1826 1711 saeculi

305 1732 464 1771 secundi
490 1732 730 1782 antiquarios
765 1735 1044 1771 commemorat
1078 1735 1147 1770 aut
1177 1731 1366 1781 excerpit,
1397 1731 1517 1770 octies
1543 1731 1733 1770 Serenum
1762 1743 1830 1769 no-

302 1785 468 1842 1ninat³)
495 1794 536 1828 et
554 1790 754 1829 Diomedis
781 1792 928 1840 auctor,
952 1790 1030 1840 qui,
1054 1802 1142 1828 cum
1168 1802 1324 1829 versum
1348 1789 1459 1827 illum
1485 1790 1626 1828 laetare
1648 1789 1829 1828 baec-hare

293 1851 496 1897 praesente
514 1848 706 1887 Frontone
724 1849 888 1898 adferat,
907 1860 987 1886 non
1010 1848 1136 1887 multo
1160 1850 1250 1897 post
1268 1847 1502 1886 Frontonem
1522 1847 1643 1886 fuisse
1662 1846 1827 1897 videtur,

300 1907 489 1945 Serenum
514 1909 554 1944 et
580 1907 794 1945 neotericos
819 1906 1014 1944 interdum
1040 1900 1254 1955 adhibet.⁴)

415 1965 502 2003 Duo
536 1966 668 2002 autem
699 1963 886 2003 Schultzii
917 1966 1148 2013 argumenta
1177 1962 1304 2001 adhuc
1335 1964 1498 2001 restant.
1546 1962 1587 2000 P.
1609 1963 1690 2001 278
1722 1962 1825 2000 enim

305 2035 383 2061 non
415 2023 520 2061 intra
551 2021 839 2072 quinquaginta
868 2034 990 2060 annos
1022 2021 1257 2060 Terentiano
1288 2020 1575 2070 Aphthonium,
1601 2020 1826 2086 Aphthonio

302 2081 471 2119 Manum
491 2080 749 2130 Victorinum,
768 2080 834 2130 qui
853 2082 945 2118 ante
964 2091 998 2119 a.
1018 2078 1158 2118 CCCL.
1178 2078 1347 2128 scripsit,
1364 2090 1479 2117 usum
1498 2090 1596 2129 esse,
1613 2078 1680 2146 sed
1701 2079 1826 2117 maius

304 2139 494 2189 temporis
521 2139 691 2187 spatium
714 2138 954 2177 intercedere
978 2137 1213 2187 comprobat.

416 2197 626 2236 Praeterea
648 2196 767 2246 Iuba,
800 2209 915 2246 quem
945 2196 989 2234 L.
1016 2195 1183 2234 Mueller
1212 2195 1252 2233 in
1276 2194 1376 2233 Mus.
1401 2193 1523 2233 Rhen.
1542 2194 1650 2232 XXV
1670 2195 1752 2233 342
1786 2197 1827 2232 et

300 2255 455 2294 Schultz
482 2256 504 2294 l.
525 2267 558 2294 c.
583 2269 620 2305 p.
644 2257 725 2294 279
755 2255 828 2293 sub
853 2254 968 2293 finem
995 2254 1142 2293 saeculi
1166 2253 1325 2293 secundi
1342 2253 1543 2303 scripsisse
1562 2255 1732 2303 censent,
1750 2265 1827 2291 non

419 2380 452 2423 1)
478 2378 530 2415 cf.
550 2377 662 2414 etiam
683 2376 810 2414 Hensii
834 2376 969 2413 librum
995 2375 1040 2412 de
1059 2376 1149 2412 Iuba
1173 2374 1388 2422 artigrapho
1407 2377 1446 2412 et
1464 2375 1639 2412 Schultzii
1658 2375 1703 2411 de
1721 2374 1827 2412 Aelio

301 2425 410 2461 resto
434 2425 646 2470 Aphthonio
671 2425 756 2460 diss.

417 2474 452 2516 2)
477 2471 595 2554 guold
609 2471 724 2562 ifisen
713 2481 856 2515 quoque
883 2469 1032 2506 Schultz
1057 2469 1176 2505 adfert
1198 2468 1223 2504 1
1244 2480 1272 2505 c.
1300 2481 1334 2515 p.
1353 2472 1433 2506 278,

416 2520 454 2562 3)
505 2519 525 2553 f
745 2521 790 2553 26
803 2528 856 2561 sq.

416 2568 452 2607 4)
477 2563 530 2599 Cf.
557 2563 735 2600 Schultzii
758 2564 891 2609 disput.
915 2563 940 2598 1.
960 2574 990 2599 c.
1015 2574 1051 2608 p.
1070 2565 1148 2599 267.
1174 2582 1219 2589 -
1244 2562 1412 2599 Ceterum
1442 2562 1556 2599 etiam
1585 2561 1686 2598 aliud
1718 2572 1810 2605 aran

304 2614 467 2647 mentum
493 2621 516 2645 a
538 2611 726 2656 Lennepio
752 2610 799 2646 ad
825 2622 856 2646 v.
877 2613 944 2646 698
968 2609 1173 2655 prolatum,
1198 2619 1420 2654 quamquam
1445 2608 1524 2655 ipse
1548 2608 1594 2645 de
1617 2608 1740 2644 aetate
1761 2606 1827 2643 Te-

304 2659 461 2693 rentiani
485 2667 557 2693 non
582 2659 680 2692 reete
700 2656 891 2699 iudicavit,
910 2657 1059 2702 dignum
1079 2657 1137 2692 est
1156 2656 1254 2701 quod
1273 2656 1334 2692 hic
1357 2655 1529 2692 addatur.
1556 2654 1724 2700 ’Μαι
1740 2655 1826 2700 quia

305 2705 334 2739 C
353 2705 467 2740 locare
484 2705 654 2750 plurimis
677 2706 771 2740 iam
796 2704 904 2739 moris
924 2703 1001 2748 εει]
1037 2702 1161 2757 Quint.
1174 2702 1190 2737 I
1211 2705 1247 2738 7·
1272 2702 1366 2739 alud
1388 2713 1487 2738 nunc
1502 2701 1628 2738 melius
1643 2701 1737 2755 qued
1754 2701 1827 2736 σαί

304 2752 420 2786 tribus
445 2762 535 2796 quas
553 2752 730 2796 proposui
753 2750 883 2786 litteris
905 2754 1106 2793 molamus,
1130 2750 1171 2785 in
1200 2759 1270 2795 quo
1326 2759 1420 2789 κει-ιο
1450 2748 1552 2784 noba
1581 2747 1683 2793 adp
1653 2746 1826 2793 pinguem

302 2808 389 2831 sane
418 2808 543 2832 sonum
567 2808 628 2842 qu
652 2801 684 2832 et
714 2799 757 2832 oi
787 2797 997 2840 utebantur,
1027 2799 1167 2831 tantum
1195 2798 1237 2831 ut
1329 2792 1405 2831 valo
1433 2796 1511 2840 qut
1533 2793 1826 2847 distin-queretur.

305 2843 404 2885 Quae
435 2855 517 2878 cum
551 2843 619 2879 hoc
650 2842 860 2879 Terentiani
891 2844 972 2878 loco
1002 2841 1139 2878 collata
1168 2842 1258 2877 mihi
1288 2841 1436 2887 quidem
1466 2838 1629 2876 indicare
1657 2837 1827 2875 videntur

308 2891 452 2925 Teunti
448 2900 565 2924 tanum
593 2890 663 2924 nisi
691 2889 907 2932 Quintiliani
931 2887 1168 2934 temporibus,
1194 2854 1312 2924 certeq
1316 2888 1427 2934 paulo
1450 2888 1536 2934 pont
1557 2885 1696 2925 fumo!
