1878 3242
519 165 574 202 De
600 164 817 202 Terentiani
841 174 1010 201 sermone
1036 164 1075 200 et
1100 163 1234 200 aetate.
1574 159 1658 207 331

99 280 265 331 (littera)
302 292 420 328 quam
452 279 651 327 loquebar,
690 279 774 318 852
807 289 883 318 neu
913 279 1066 317 subesse
1088 279 1249 326 praeter
1278 278 1372 316 istos
1401 288 1495 324 quos
1524 272 1663 324 loqaar

98 343 361 389 computes,
394 339 579 378 similiter
605 339 708 389 856,
742 339 845 389 908,
879 338 1012 388 1054,
1048 338 1180 388 1406,
1216 338 1349 387 1947,
1375 337 1509 386 2180,
1534 336 1663 385 2220,

101 401 234 452 2248,
259 399 388 438 2833.
436 398 540 437 Item
573 397 789 448 singularis
814 397 928 438 verbi
951 409 1048 437 usus
1074 398 1138 436 est
1161 397 1202 436 in
1226 409 1263 436 v.
1284 397 1368 437 349
1395 407 1492 446 opus
1516 396 1562 435 de
1586 395 1662 444 syl-

99 460 199 500 labis
221 452 323 510 quod
346 459 471 508 recepi
494 469 598 498 nunc
622 458 860 507 loquendum.

791 595 972 635 Ablativi

104 699 200 727 usus
238 698 358 737 quam
394 685 744 736 frequentissimus
781 687 844 725 est
880 688 920 725 et
958 698 1076 736 saepe
1113 685 1178 724 hic
1215 697 1330 725 casus
1368 684 1550 736 ponitur,
1593 683 1665 723 ubi

98 745 296 788 vetustior
314 758 443 784 sermo
461 745 775 796 praepositiones
795 745 966 796 flagitat.
997 745 1106 791 Quae
1124 745 1285 784 licentia
1297 757 1322 783 a
1334 745 1463 795 poetis
1478 746 1617 784 exorta
1630 738 1664 798 1)

101 805 230 859 primo
254 804 396 856 iamp.
418 804 509 843 Chr.
527 818 565 844 n.
590 806 747 845 saeculo
774 806 895 844 etiam
919 805 962 843 in
985 817 1104 854 prosa
1130 805 1308 844 oratione
1335 804 1506 843 dilatata
1531 806 1602 843 est.

215 864 357 916 Itaque
382 864 578 914 imprimis
597 878 646 915 pi
648 865 840 914 aeposxt1o
860 866 904 904 in
923 864 1124 904 omittitur
1134 859 1187 916 ²):
1217 866 1271 904 38
1293 866 1438 903 cunctis
1455 865 1665 903 visceribus

99 925 264 974 trepidat
296 925 406 963 labor
438 918 512 978 (cf.
531 937 568 964 v.
590 925 643 963 37
677 926 720 963 in
750 925 880 973 diqitis
910 917 1050 976 opus),
1083 925 1167 963 166
1200 925 1323 963 medio
1347 925 1502 962 nomine
1526 924 1663 967 locata,

99 985 184 1024 224
219 984 292 1023 has
327 977 537 1037 (litteras)
574 985 748 1023 versibus
785 984 906 1032 loqui,
944 984 1028 1023 307
1066 984 1175 1022 labili
1207 995 1340 1027 versu,
1381 985 1466 1022 428
1508 983 1664 1023 Graeca

98 1044 346 1093 diphthongos
369 1044 436 1082 sed
459 1039 512 1082 οὖ
538 1044 674 1082 litteris
697 1044 840 1082 nostris
863 1046 978 1082 vacat
1002 1037 1131 1096 (Sant
1157 1044 1200 1082 in
1230 1042 1493 1093 interposuit,
1521 1043 1591 1082 sed
1617 1043 1666 1081 de

97 1103 172 1144 hoc
195 1114 315 1143 versu
337 1101 530 1141 iudicium
555 1098 716 1155 teneo),
750 1104 832 1142 797
859 1103 906 1141 K
924 1103 1046 1141 otiosa
1071 1104 1204 1141 ceteris
1228 1103 1485 1147 sermonibus,
1521 1103 1607 1142 800
1634 1102 1666 1152 Q

94 1174 234 1202 vacare
267 1163 371 1201 omni
405 1163 575 1211 syllaba,
615 1163 701 1201 804
735 1174 871 1201 sumus
902 1163 1018 1201 locuti
1039 1163 1177 1210 priore
1193 1163 1364 1211 paqina,
1403 1163 1488 1201 884
1515 1163 1666 1211 syllaba

90 1223 226 1272 prima
250 1222 350 1270 quod
374 1223 532 1270 nequire
557 1222 737 1266 diximus,
765 1222 850 1260 923
876 1222 1036 1270 syllabis
1060 1222 1162 1260 sedet
1185 1222 1374 1266 secundis,
1403 1222 1487 1260 938
1514 1222 1666 1271 syllaba

94 1293 331 1331 quacumque
355 1293 450 1320 sane
475 1275 518 1334 (x
542 1276 704 1333 littera.)
730 1282 909 1320 subditur
933 1281 1146 1326 vocalibus,
1175 1282 1289 1320 1004
1315 1282 1534 1330 spectandis
1556 1282 1667 1330 pedi-

96 1342 168 1382 bus
191 1352 290 1389 quae
313 1342 392 1380 sint
414 1342 533 1380 nimis
557 1342 670 1380 obvia
693 1342 857 1385 mittam,
886 1341 999 1379 1248
1028 1341 1155 1379 eodem
1179 1342 1292 1379 verbo
1317 1341 1412 1389 depr
1414 1353 1519 1386 ensa,
1551 1342 1666 1381 1250

94 1399 239 1440 Atlas
262 1403 307 1439 ut
334 1399 488 1439 Graeca
512 1402 568 1439 sic
590 1401 753 1455 profero
776 1412 865 1439 voce
882 1400 1046 1444 Latina,
1076 1401 1186 1439 1251
1215 1401 1296 1439 uda
1320 1401 1488 1439 secunda
1513 1402 1666 1439 utinam

94 1463 229 1500 nostra
240 1461 297 1499 sic
308 1471 396 1499 voce
407 1460 571 1504 sederet,
588 1457 700 1499 1'345
713 1462 832 1508 parte
845 1460 984 1499 attollit
994 1471 1170 1498 sonorem
1181 1463 1299 1510 parte
1311 1461 1462 1508 reliqua
1474 1461 1666 1508 deprimit,

100 1520 212 1559 1506
234 1531 319 1558 cum
337 1520 511 1559 versibus
530 1521 616 1558 istis
635 1521 770 1558 totiens
782 1522 959 1558 recurrat
971 1519 1033 1558 hic
1042 1531 1128 1568 pes,
1152 1521 1263 1559 1609
1278 1532 1392 1559 suam
1405 1514 1526 1573 (vim)
1541 1523 1668 1558 tuetur

94 1579 325 1619 hexametris
341 1579 511 1623 heroum,
530 1580 641 1618 1635
656 1582 813 1628 partem
830 1580 952 1618 imam
971 1591 1049 1627 qua
1068 1582 1103 1617 et
1120 1580 1294 1618 trochaeo
1314 1580 1437 1618 locum
1456 1580 1535 1623 dat,
1553 1580 1664 1618 1767

93 1640 221 1688 primo
254 1641 454 1683 commate,
493 1640 605 1678 1789
642 1639 800 1687 spondei
833 1650 927 1686 quos
958 1639 1042 1677 dixi
1066 1642 1249 1678 commate
1266 1640 1399 1687 primo
1423 1651 1540 1687 posse
1564 1640 1668 1684 dari,

0 1731 5 1776 ².
99 1699 211 1738 1793
238 1698 423 1747 dactylico
449 1698 554 1737 debet
572 1710 670 1746 quae
691 1701 873 1737 commate
891 1699 1013 1746 iun9i‚
1043 1699 1157 1737 1864
1176 1699 1288 1737 nulla
1306 1710 1388 1737 meo
1407 1699 1536 1737 sedeat
1554 1699 1668 1738 turba

0 1760 6 1804 ὲ
88 1758 267 1806 profana
291 1758 382 1802 loco,
410 1758 524 1796 1873
551 1769 632 1796 meo
659 1758 755 1802 luco,
785 1758 898 1797 1903
918 1758 1086 1797 similis.
1123 1759 1285 1798 ,altera
1296 1759 1396 1807 pede
1415 1760 1667 1806 consequenti,

99 1817 212 1856 1906
237 1817 306 1856 hoc
330 1811 435 1870 (scil.
461 1811 608 1869 metro)
636 1817 788 1856 chorius
812 1817 984 1862 solvitur,
1013 1787 1134 1856 1982
1151 1818 1483 1866 hephthemimeres
1503 1818 1671 1857 servavit

97 1877 268 1916 carmine
289 1879 462 1924 utroque,
496 1878 606 1916 1991
634 1877 773 1915 ultima
797 1888 895 1924 quae
918 1879 1038 1915 metro
1061 1878 1139 1925 fuit
1161 1877 1230 1916 hoc
1253 1879 1421 1922 inventa,
1448 1879 1562 1917 2099
1584 1889 1669 1916 car-

97 1936 265 1975 minibus
287 1937 479 1985 reperitur
506 1937 671 1984 epodus,
705 1937 820 1975 2104
838 1936 959 1985 pedes
982 1948 1097 1975 versu
1120 1938 1176 1975 sic
1199 1938 1317 1976 reddo
1341 1938 1524 1982 secundo,
1553 1938 1666 1976 2115

97 1995 189 2034 dum
217 2007 266 2034 ne
295 1996 501 2035 discidium
524 1996 630 2034 verbi
654 1998 792 2044 quarto
809 1996 910 2044 pede
932 1997 1027 2044 fiat,
1061 1997 1174 2035 2131
1203 1997 1320 2046 leqem
1345 1999 1418 2035 toto
1436 2009 1561 2045 prope
1586 2009 1669 2036 car-

98 2055 202 2093 mine
223 2057 364 2100 servat,
391 2055 508 2094 2230
533 2055 696 2094 secundo
724 2058 758 2094 et
782 2056 924 2094 talibus
950 2056 1144 2104 spondeon
1162 2058 1341 2105 recipere,
1370 2057 1481 2096 2251
1505 2058 1669 2095 seeundo

98 2114 269 2153 iambum
292 2115 472 2158 reddere,
500 2115 613 2153 2259
641 2115 805 2153 secundo
828 2126 1023 2162 nusquam
1047 2116 1201 2154 iambus
1218 2117 1392 2164 pellitur,
1420 2117 1534 2155 2315
1562 2118 1669 2155 tertio

97 2173 157 2212 vel
179 2174 309 2222 quinto
328 2174 437 2222 pede,
467 2174 581 2213 2323
607 2185 722 2212 versu
747 2175 813 2222 qui
829 2175 989 2222 primus
1012 2175 1099 2222 fuit,
1130 2175 1247 2214 2330
1271 2175 1330 2214 vel
1353 2175 1423 2213 hoc
1446 2176 1505 2214 vel
1527 2177 1670 2214 talibus

90 2243 164 2281 pes
194 2233 407 2277 inseratur,
444 2233 557 2272 2359
594 2245 692 2281 quae
723 2227 955 2286 (exempla)
988 2234 1085 2271 libro
1117 2234 1273 2279 locavit,
1310 2235 1426 2274 2490
1452 2235 1563 2274 libris
1587 2237 1670 2274 suis

97 2291 324 2339 frequentat,
351 2293 463 2331 2561
487 2294 658 2331 carmine
677 2293 770 2341 leyis
785 2291 941 2336 Catulli,
970 2293 1084 2331 2612
1098 2304 1167 2331 nec
1180 2294 1326 2332 ducunt
1337 2306 1497 2333 numero
1509 2295 1669 2343 pedum,

99 2351 212 2390 2669
237 2363 333 2390 nam
349 2352 528 2399 primum
551 2353 708 2390 minime
732 2363 802 2390 suo
826 2352 951 2390 solum
978 2353 1152 2391 carmine
1170 2354 1352 2401 protulit,
1381 2355 1492 2392 2681
1522 2355 1580 2392 bis
1604 2365 1670 2392 sex

98 2411 336 2449 carminibus
359 2411 443 2449 suis
467 2411 568 2449 hwnc
591 2413 720 2449 servat
743 2411 918 2449 stabilem
938 2410 1108 2455 modum,
1137 2412 1249 2450 2699
1270 2424 1439 2460 ususque
1459 2415 1511 2450 est
1532 2424 1670 2461 qenere

98 2467 168 2508 hoc
190 2470 431 2508 carminibus
454 2481 602 2514 novem,
632 2470 746 2508 2715
774 2470 870 2509 tales
895 2471 1094 2509 continuos
1119 2472 1357 2510 carminibus
1375 2473 1585 2520 composuit
1603 2474 1669 2511 tri-

101 2527 190 2572 bus,
223 2528 336 2566 2748
368 2540 535 2577 namque
565 2531 663 2567 tome
688 2529 816 2568 media
841 2532 895 2568 est
920 2540 1035 2568 versu
1058 2541 1136 2568 non
1161 2533 1256 2578 apta
1279 2542 1427 2575 severo,
1461 2532 1575 2570 2763
1601 2543 1670 2571 nec

99 2587 289 2626 mirabere
317 2587 490 2636 syllabae
518 2589 636 2635 finem
661 2591 844 2627 commate
867 2590 1020 2637 primo,
1057 2590 1171 2628 2790
1192 2601 1248 2639 sq.
1273 2591 1361 2638 ipsa
1386 2591 1477 2630 dari
1500 2602 1578 2629 non
1601 2591 1670 2630 hoc

100 2657 173 2694 quo
197 2646 308 2685 modo
332 2648 423 2685 sunt
446 2647 536 2686 situ.

218 2705 374 2745 Deinde
398 2705 566 2745 verbum
591 2707 802 2751 constandi,
829 2706 935 2757 quod
962 2707 1068 2758 apud
1092 2706 1320 2748 Ciceronem
1347 2709 1477 2748 solum
1501 2722 1668 2760 praepo·

223 2866 259 2911 1)
284 2865 345 2902 Ita
368 2867 412 2902 ut
436 2865 608 2910 iudicem,
635 2865 818 2913 Draegeri
846 2867 1028 2921 exemplis
1052 2867 1120 2903 sub
1144 2879 1292 2914 paragr.
1312 2872 1382 2905 218
1393 2880 1473 2915 sqq.
1499 2870 1668 2908 collectis

104 2921 358 2957 commoveor,
383 2913 475 2950 licet
498 2913 666 2959 Rebling
640 2926 726 2960 gp.
749 2918 770 2950 9
796 2914 836 2950 id
861 2914 1042 2950 sermonis
1067 2915 1265 2952 cottidiani
1289 2915 1403 2952 fuisse
1428 2920 1589 2954 censeat.

221 2961 258 3006 2)
283 2960 550 3007 cf.Draeg.1²
576 2966 596 3005 5
611 2965 697 3007 2223
725 2960 924 2998 Frontonis
950 2962 1053 2999 locos
1078 2962 1193 2999 Ebert
1216 2975 1253 3010 p.
1276 2967 1318 2999 12
1333 2976 1388 3011 sq.
1414 2965 1583 3005 contulit
