1878 3242
554 149 608 186 De
633 148 850 186 Terentiani
875 159 1042 186 sermono
1068 149 1107 184 et
1132 148 1267 184 aetate.
1332 159 1333 163 ¹
1597 145 1689 187 367

41 238 45 259 3
127 262 345 303 adferenda
370 265 496 312 erant,
524 263 647 302 semel
673 261 894 314 usurpavit,
918 261 959 301 in
978 275 1015 301 v.
1037 262 1135 302 868.
1180 260 1289 300 Haec
1307 259 1432 300 verba
1455 259 1628 310 primum
1648 259 1690 297 in

126 322 318 374 Pdapeis,
337 323 362 362 i.
383 336 415 362 e.
436 335 532 363 aevo
554 321 760 371 Ovidiano,
779 323 922 373 postea
941 334 1004 372 ap.
1024 320 1125 361 Cels.
1146 320 1236 360 Seu.
1256 319 1393 367 Quint.
1412 320 1463 360 al.
1482 319 1690 359 inveniun-

45 411 46 414 =
127 384 212 434 tur3
238 382 287 422 cf.
305 382 435 422 Krebs
454 382 496 421 in
514 382 554 421 h.
572 395 610 422 v.
630 384 672 421 et
688 381 807 426 Hand
821 381 876 420 IV
904 383 987 421 627
1010 394 1095 432 sqq.
1139 380 1218 419 Sed
1236 379 1424 419 ICtorum
1454 392 1568 418 usum
1590 392 1693 419 com-

38 451 42 454 ”
125 454 272 492 parare
290 441 400 481 haud
417 442 561 481 inutile
574 441 746 481 videtur.
782 441 868 480 Hac
887 441 992 480 enim
1012 440 1195 490 dictione,
1219 452 1321 492 quae
1339 439 1420 478 iam
1439 441 1546 489 apud
1565 439 1691 479 Iavol.

127 500 286 541 Celsum
302 501 566 552 Pomponium
586 501 685 557 alios
698 500 816 540 ICtos
837 502 979 551 exstat,
1001 499 1127 540 Gaius
1141 502 1182 539 et
1195 500 1383 550 aequales
1395 499 1691 550 abstinuerunt,

39 552 43 591 Ᾰ
104 608 106 610 ¹
127 561 197 600 sed
217 561 459 612 Papinianus
485 573 573 600 eam
598 561 640 600 in
665 574 783 600 usum
808 560 1022 600 revocavit.
1068 559 1185 610 Apud
1205 559 1423 610 Ulpianum
1449 562 1586 598 autem
1611 559 1691 597 iam

127 622 214 660 250
252 621 336 660 fere
377 621 475 660 locis
511 621 662 671 legitur
697 623 817 671 atque
855 620 975 659 etiam
1014 632 1039 658 3
1074 619 1363 670 posterioribus
1401 619 1692 669 frequentatur,

124 682 177 719 ut
210 680 494 719 Terentianum
537 680 666 731 magis
703 679 802 720 Gaio
848 692 1062 731 supparem
1105 692 1222 731 quam
1271 679 1478 730 aequalem
1520 678 1691 729 Ulpiano

125 739 249 780 fuisse
274 739 396 779 dicas.

243 794 336 843 Qua
361 816 416 831 ·=
436 802 626 849 quatenus
653 800 785 839 1357:
811 811 890 848 qua
919 800 1067 848 pedum
1091 802 1238 838 natura
1262 802 1405 848 poscet,
1430 800 1527 838 satis
1550 799 1692 838 habebo

127 861 320 909 attinuere.
372 859 493 909 Verg.
514 858 586 899 Ov.
607 858 740 905 Quint.
761 859 812 898 al.

242 914 373 963 Quam
399 920 485 959 284
511 920 701 968 perpolite
734 931 851 967 quam
876 920 1036 967 potestis
1070 919 1259 966 crebriore
1283 919 1442 966 limula;
1475 890 1541 972 (V.
1569 919 1690 958 etiam

124 991 213 1021 8-11.
237 972 382 1033 aliter).
434 980 548 1018 1323
573 990 652 1018 mm
674 990 784 1018 secus
813 990 932 1027 quam
954 980 1002 1018 si.

243 1033 501 1088 Quamquam
526 1051 618 1078 cum
642 1038 760 1078 indic.
781 1038 909 1088 2947,
937 1050 1026 1077 cum
1046 1038 1241 1077 coniunct.
1265 1039 1392 1088 1068,
1415 1038 1542 1087 1583,
1566 1040 1692 1087 1616,

128 1109 218 1137 311111
244 1100 348 1148 part.
365 1098 466 1148 perf.
485 1110 591 1148 pass.
613 1098 710 1137 388.
766 1097 814 1136 In
838 1097 900 1136 his
925 1097 1026 1135 nihil
1052 1099 1115 1136 est
1139 1098 1326 1137 insolens.
1377 1098 1479 1136 Nam
1507 1097 1692 1137 coniunc-

126 1157 235 1197 tivus
260 1157 340 1196 iam
366 1170 428 1208 ap.
447 1157 551 1208 Nep.
569 1156 689 1208 Verg.
709 1157 809 1209 Liv.,
833 1159 920 1195 tum
945 1159 1106 1207 praeter
1129 1159 1289 1209 poetas,
1322 1157 1429 1196 inter
1455 1170 1554 1208 quos
1579 1157 1694 1196 Iuve-

126 1216 231 1256 nalis
267 1229 423 1268 semper
456 1217 751 1257 coniunctivum
786 1216 924 1267 habet,
959 1217 1067 1267 apud
1093 1216 1182 1257 Val.
1208 1217 1311 1256 Max.
1339 1215 1449 1256 Curt.
1469 1217 1572 1256 Plin.
1599 1217 1688 1255 mai.

129 1277 343 1326 invenitur,
357 1276 516 1327 saepius
529 1289 648 1326 quam
661 1275 900 1316 indicativus
915 1288 976 1326 ap.
991 1276 1094 1316 Plin.
1108 1276 1202 1315 min.
1216 1277 1306 1316 Tac.
1324 1276 1434 1316 Suet.
1449 1277 1692 1316 Frontonem

126 1330 196 1390 (cf.
209 1335 336 1375 Ebert
349 1349 387 1386 p.
401 1331 479 1386 37)
499 1336 591 1375 Min.
615 1336 722 1375 Tert.
743 1336 847 1375 Eccl.
868 1330 1032 1388 (quater
1051 1349 1113 1386 ap.
1134 1335 1320 1384 Gellium,
1341 1336 1389 1375 cf.
1410 1336 1530 1387 Gorg.
1550 1351 1587 1386 p.
1602 1331 1693 1388 43).

22 1379 26 1405 3
93 1427 96 1430 ,
128 1395 229 1434 Cum
254 1395 460 1434 adiectivis
487 1398 528 1434 et
552 1395 773 1446 participiis
800 1408 860 1445 ap.
887 1395 972 1434 Liv.
1000 1395 1133 1441 Quint.
1160 1395 1270 1434 Suet.
1291 1395 1393 1433 Plin.
1413 1396 1503 1435 Tac.
1530 1396 1691 1435 coniun-
1769 1410 1774 1413 ·

127 1455 257 1506 gitur3
291 1455 340 1495 cf.
366 1454 546 1494 Schmalz
578 1467 640 1506 ap.
667 1454 796 1494 Krebs
828 1455 870 1493 111
894 1454 931 1494 11.
958 1468 995 1495 v.
1022 1458 1064 1494 et
1088 1467 1152 1505 ap.
1176 1455 1245 1494 Iw.
1270 1455 1323 1495 M.
1350 1450 1410 1493 112
1436 1457 1534 1505 507,
1560 1454 1586 1505 ξ
1608 1456 1691 1494 263

127 1508 294 1566 (Di-aeg.
312 1514 354 1552 II
372 1512 399 1565 ξ
420 1509 537 1568 565).

244 1569 419 1618 Quando
445 1579 565 1624 saepe
590 1575 632 1614 et
656 1574 806 1613 usitate
830 1574 1068 1625 plerumque
1087 1574 1312 1625 adhibetur,
1339 1586 1457 1613 sensu
1479 1574 1692 1624 temporali

125 1634 172 1672 111
198 1634 303 1685 779,
329 1634 412 1673 973
439 1634 504 1684 aL,
528 1635 600 1673 aut
624 1633 776 1673 causali
802 1636 847 1672 ut
874 1635 958 1673 372
985 1634 1036 1672 31.
1084 1634 1128 1673 Sa·
1152 1635 1306 1683 quando
1335 1635 1439 1684 221,
1467 1634 1564 1683 444,
1593 1635 1692 1683 547,

128 1693 226 1743 674,
252 1694 336 1732 787
363 1693 501 1733 multis
527 1692 615 1732 aliis
640 1693 737 1732 locis
762 1693 930 1744 legitur,
957 1693 1005 1739 cf.
1024 1695 1080 1740 si,·
1111 1695 1189 1741 nisi
1213 1695 1367 1743 quando
1397 1694 1529 1742 1631,
1565 1694 1693 1732 2442.

126 1751 352 1792 Insolenter
374 1765 448 1803 pro
474 1753 684 1801 aliqtcando
708 1752 751 1791 in
775 1766 811 1792 v.
835 1754 917 1792 979
944 1754 1126 1804 ponitur3
1151 1753 1193 1792 in
1217 1767 1254 1793 v.
1275 1755 1360 1793 563
1388 1755 1524 1792 autem
1546 1753 1691 1792 vitium

91 1809 94 1812 ⁴
124 1811 250 1851 latere
275 1813 394 1863 puto,
418 1814 491 1851 aut
514 1812 556 1851 in
580 1813 734 1862 lonqas,
760 1814 831 1851 aut
856 1812 896 1850 in
923 1814 1064 1865 breves,
1090 1815 1162 1852 aut
1186 1813 1227 1851 in
1254 1816 1426 1863 utroque
1451 1812 1595 1863 verb03
1621 1814 1693 1850 aut

127 1883 267 1911 versus
292 1871 438 1911 excidit
460 1874 553 1922 post
578 1873 676 1912 563.

27 1935 39 1965 ἓ
60 1964 63 1970 .
245 1925 595 1982 Quandocumque
610 1932 694 1971 957
713 1948 767 1963 =
782 1933 962 1980 quotiens.
997 1931 1141 1982 Georg.
1156 1933 1240 1984 tres
1259 1933 1366 1971 locos
1388 1931 1531 1984 adfert,
1553 1930 1692 1971 Caton.

39 1997 43 2000 ’
127 2002 190 2041 ap.
207 1990 322 2042 Plin.,
346 1990 455 2039 Hor„
480 1991 600 2035 Auct.
619 1991 657 2030 b.
677 1990 790 2031 Alex.

245 2044 502 2101 Quandoque
533 2051 576 2090 in
599 2064 637 2090 v.
660 2052 771 2090 1699
805 2064 876 2100 pro
909 2052 1102 2090 interdum
1133 2052 1197 2090 vel
1222 2053 1432 2100 aliquando
1459 2053 1690 2102 usurpatur.

127 2107 243 2149 Hunc
261 2122 379 2149 usum
397 2110 478 2150 iam
498 2110 649 2150 Seneca
667 2110 801 2161 habet,
820 2113 913 2149 ante
932 2111 1195 2161 Papinianum
1213 2110 1300 2150 ICti
1319 2124 1410 2150 raro
1431 2111 1692 2161 admiserunt,

129 2167 370 2219 Papinianus
383 2169 565 2209 undecim
578 2170 688 2222 locis,
706 2170 946 2220 posteriores
959 2169 1046 2209 ICti
1059 2171 1167 2209 haud
1181 2183 1282 2210 raro.
1311 2170 1369 2210 cf.
1384 2170 1550 2221 Leipold
1570 2184 1608 2221 p.
1627 2173 1647 2208 1
1656 2172 1694 2220 8,

36 2229 50 2280 ἵ,
129 2226 258 2268 Krebs
282 2228 325 2268 in
348 2229 388 2268 h.
406 2242 444 2269 v.

246 2282 376 2332 Quasi
405 2289 467 2327 bis
500 2289 794 2329 coniunctivum
827 2289 949 2339 regit:
988 2291 1069 2328 211
1100 2291 1140 2328 31
1167 2290 1298 2339 1753;
1335 2289 1598 2328 substantivis
1625 2291 1691 2328 ad-

129 2345 237 2386 ditur
264 2347 362 2398 186,
383 2349 508 2397 1565,
533 2350 658 2388 1638.
703 2348 825 2398 Quasi
842 2350 878 2388 si
896 2361 985 2387 cum
1006 2349 1105 2388 coni.
1129 2349 1255 2398 1458,
1278 2350 1404 2400 1477,
1427 2350 1554 2400 1495,
1577 2350 1688 2389 1539

129 2407 172 2445 et
196 2406 308 2446 1496
340 2409 376 2446 si
406 2407 538 2447 animo
571 2408 834 2458 supplendum
867 2410 946 2458 est;
981 2410 1094 2456 quasi
1128 2421 1214 2448 cum
1247 2420 1338 2447 cum
1372 2408 1453 2447 ind.
1481 2409 1576 2447 151.
1634 2408 1694 2448 Cf.

132 2463 357 2514 Tamquam.
408 2465 466 2506 Cf.
493 2466 610 2517 Kalb,
646 2467 690 2506 R.
710 2467 746 2506 J.
777 2481 814 2517 p.
837 2468 890 2505 12
906 2480 981 2517 sq.:
1016 2463 1115 2506 ‘Um
1152 2467 1214 2506 die
1243 2468 1359 2506 Mitte
1391 2467 1460 2506 des
1488 2469 1526 2506 2.
1551 2467 1693 2507 Jahrh.

130 2523 243 2564 hatte
276 2527 389 2574 quasi
422 2526 499 2565 den
524 2525 691 2566 Rivalen
727 2526 963 2575 (tamquam)
999 2527 1072 2565 auf
1100 2527 1215 2565 einen
1246 2526 1535 2566 bescheidenen
1562 2527 1693 2566 Raum

121 2583 485 2635 xuruckgedrsngt.
547 2585 622 2624 Bei
657 2585 733 2623 den
769 2586 922 2624 alteren
957 2585 984 2623 J
987 2585 1139 2624 uristen
1173 2586 1228 2624 ist
1262 2586 1327 2624 ein
1358 2586 1694 2626 Zuruckweiehen

130 2642 232 2682 noch
265 2643 375 2683 nieht
405 2644 755 2693 wahrzunehmen,
788 2644 853 2683 bei
878 2644 1016 2683 Julian
1050 2645 1188 2684 halten
1218 2645 1301 2684 sich
1333 2645 1397 2683 die
1427 2645 1569 2684 beiden
1596 2647 1693 2686 voll-

35 2700 50 2759 “.
134 2701 294 2753 standig
329 2702 399 2741 das
433 2702 764 2755 Gleichgewicht,
799 2703 879 2742 und
914 2704 1015 2743 noch
1050 2704 1115 2742 bei
1147 2703 1273 2743 Gaius
1308 2704 1463 2744 scheint
1495 2707 1693 2754 tamquam

135 2760 241 2799 seins
261 2760 386 2800 Stelle
412 2775 459 2800 zu
484 2762 722 2813 behaupten.
766 2763 821 2802 Es
847 2775 942 2813 mag
966 2763 1050 2802 dies
1077 2777 1163 2802 zum
1185 2763 1271 2802 Teil
1293 2764 1365 2802 auf
1379 2763 1443 2802 die
1463 2763 1604 2811 Quelle
1623 2766 1692 2804 des

137 2817 260 2858 Gaius
290 2821 631 2860 zurflckzufflhren
663 2822 767 2872 sein,
799 2822 902 2860 deun
935 2823 1055 2862 sehon
1086 2822 1150 2861 bei
1176 2823 1420 2873 Pomponius
1452 2824 1592 2863 stehen
1618 2838 1691 2863 un-

134 2877 277 2927 gasaht
302 2880 358 2919 40
377 2892 410 2928 q.
437 2893 566 2931 gegen
594 2881 618 2919 5
640 2884 696 2929 iq..
736 2881 783 2919 In
808 2881 907 2920 noch
934 2882 1184 2933 geringerem
1211 2882 1476 2934 Prozentsatz,
1502 2883 1692 2923 teilweise

127 2948 205 2986 gar
222 2937 346 2989 nicht,
365 2938 491 2978 findet
509 2940 593 2978 sich
613 2942 660 2988 iq.
680 2939 748 2978 bei
768 2939 842 2978 den
865 2940 1101 2990 Folgenden.
1139 2941 1411 2981 Bezeichnend
1431 2942 1485 2981 ist
1504 2943 1574 2982 das
1595 2943 1690 2982 Ver-
