1878 3242
505 90 559 126 De
584 88 797 126 Terentiani
821 100 988 126 sermone
1014 90 1054 125 et
1077 89 1213 125 aetate.
1549 86 1636 129 313

526 257 569 295 iu
594 261 713 293 —tus
749 257 791 293 et
815 267 938 292 —sus
962 254 1041 302 (IV.
1068 255 1196 301 decl.):

76 319 275 364 accontus
316 324 428 362 1433
468 323 616 361 Italum
658 324 693 361 si
735 322 888 370 quando
930 323 1054 360 mutat
1093 320 1245 359 Graius
1287 322 1463 358 accentus
1498 331 1635 358 sonwm

136 383 186 422 cf.
203 383 443 433 Nettleship,
469 381 646 421 Contrib.
666 383 707 420 to
733 381 853 420 Latin
871 380 1074 430 Lexicogr.
1096 393 1127 418 s.
1145 380 1185 417 h.
1204 393 1260 419 v.:
1288 375 1486 418 ‘accentus
1510 379 1544 417 is
1563 381 1635 417 not

137 442 285 492 quoted
310 441 413 483 from
433 453 512 492 any
532 441 668 480 writer
688 440 830 479 earlier
848 441 946 479 than
966 439 1185 485 Quintilian
1208 433 1247 491 (I
1269 439 1307 487 5,
1323 433 1411 491 22),
1437 438 1513 476 and
1540 450 1634 488 may

136 502 237 541 have
268 501 369 540 been
399 501 537 540 coined
569 500 623 550 by
648 499 815 538 Verrius
846 499 1012 538 Flaccus
1045 511 1089 537 or
1113 494 1264 548 Pliny'.
1315 496 1414 536 Cum
1446 496 1633 548 Nigidius

138 560 306 610 Figulus
336 561 524 599 voculatio
556 554 623 612 (cf.
651 558 751 598 Gell.
777 558 875 596 XIII
901 559 969 607 26,
990 554 1048 610 3),
1074 557 1203 596 Varro
1220 558 1409 606 prosodia
1435 551 1503 610 (cf.
1531 555 1632 595 Gell.

137 619 275 658 XVIII
302 621 367 668 12,
389 613 452 672 8),
489 617 565 658 Cic.
591 614 668 667 (or.
694 612 770 671 58)
796 629 869 656 vox
893 620 1026 662 acuta,
1052 629 1180 660 sortus,
1206 618 1362 655 intentio
1387 618 1490 654 vocis
1514 627 1633 655 voca.-

135 678 240 718 bulis
259 678 324 717 usi
342 678 432 726 sint,
452 681 628 717 accentus
644 677 845 716 invenitur
858 676 991 722 Quint.
1003 676 1023 714 I
1037 677 1076 727 5,
1092 678 1158 726 22,
1178 674 1277 714 Gell.
1291 675 1390 714 XIII
1404 676 1458 714 26
1473 668 1582 728 (25),
1598 675 1622 713 3

135 736 269 787 [quem
302 741 540 777 accentum
571 749 641 775 nos
671 738 850 780 dicimus,
882 736 1222 774 voculationem
1253 733 1463 783 appellatJ,
1496 734 1633 773 Front-

136 797 187 836 ad
211 797 356 836 Anton.
382 810 418 846 p.
448 798 530 835 158
557 796 619 845 N„
655 795 770 835 Mart.
799 795 890 845 Cap.
916 795 997 846 ΙΙΙ,
1024 793 1049 844 ξ
1078 795 1160 834 268
1190 806 1288 844 sqq.,
1322 793 1430 832 Serv.
1458 794 1508 832 ad
1535 793 1631 833 Aen.

139 856 162 894 I.
186 857 252 904 32,
278 855 320 895 II
344 857 441 904 476,
467 855 595 894 Diom.
622 868 658 904 p.
686 856 772 894 430
797 853 844 892 K.
1095 902 1097 905 Ι

80 922 273 954 accessus
301 916 413 954 1105
445 915 626 963 temporis
650 925 803 953 accessa
942 916 997 952 est
1024 914 1176 952 reddita
1206 913 1322 961 lonya
1355 913 1468 951 1115
1501 914 1634 951 sentiet

137 969 360 1026 (dactylus)
380 985 574 1012 aceessum
591 974 769 1012 momenti
788 975 823 1011 et
840 974 1020 1020 temporis
1039 975 1205 1011 auctum.
1244 971 1303 1011 Cf.
1323 971 1452 1010 Krebs
1473 984 1502 1010 s.
1523 972 1560 1010 h.
1575 984 1631 1010 v.:

135 1029 278 1072 ‘Nieht
308 1045 382 1071 nur
406 1032 471 1081 Sp.
498 1033 565 1079 L„
597 1032 766 1071 sondern
798 1032 919 1070 sehon
949 1031 1014 1070 bei
1047 1030 1135 1069 Seu.
1161 1030 1207 1069 ir.
1234 1030 1296 1069 III
1323 1032 1360 1079 1,
1383 1032 1407 1070 5
1439 1030 1564 1069 findet
1589 1044 1631 1069 es

136 1093 219 1131 sich
250 1092 290 1130 in
322 1092 391 1130 der
416 1091 652 1142 Bedeutung
676 1091 838 1141 Zusatz,
871 1091 1178 1139 Verglrtisseruny
1209 1089 1274 1128 fiir
1299 1092 1480 1140 accessio,
1512 1092 1632 1128 incre-

135 1147 335 1190 mentum'.
384 1151 559 1189 Eandem
587 1150 914 1200 significationem
939 1150 1061 1188 habet
1087 1148 1179 1188 Cod.
1207 1149 1356 1188 Theod.
1377 1149 1435 1187 VI
1456 1150 1524 1199 35,
1546 1151 1584 1189 7.

76 1207 199 1250 actus
226 1210 337 1250 2205
364 1213 405 1248 at
429 1211 494 1258 qui
527 1210 720 1248 cothurnis
750 1210 876 1257 reyios
907 1212 1014 1247 actus
1038 1210 1174 1247 levant.
1225 1208 1299 1246 Hic
1325 1221 1464 1247 sensus
1490 1209 1580 1247 inde
1609 1221 1633 1247 a

134 1270 263 1319 primo
289 1283 327 1319 p.
353 1268 443 1309 Chr.
468 1282 505 1308 n.
538 1281 636 1308 saec.
661 1268 878 1318 invenitur3
904 1268 952 1307 cf.
979 1268 1106 1307 Krebs
1133 1279 1161 1307 s.
1183 1268 1219 1306 h.
1241 1281 1276 1306 v.

76 1323 296 1368 adventus.
1317 1324 1321 1327 “

77 1384 227 1426 auctus
251 1388 361 1426 1115
383 1388 574 1436 dactylus.
595 1416 604 1425 .
625 1388 776 1426 ‚sentiet
800 1398 992 1425 accessum
1011 1388 1192 1426 momenti
1211 1389 1244 1424 et
1263 1389 1443 1435 temporis
1462 1391 1630 1431 auctum,
1663 1386 1666 1389 ’

138 1448 248 1487 1137
288 1448 382 1485 clarc
418 1448 596 1495 temporis
628 1449 793 1484 auctum.
852 1445 967 1484 Lucr.
994 1445 1080 1484 Liv.
1105 1445 1210 1484 Vitr.
1235 1446 1338 1485 Vell.
1365 1445 1510 1485 Lucan.
1539 1446 1628 1486 Sen.

133 1505 233 1544 Plin.
259 1506 350 1544 Tac.
394 1505 494 1544 Plin.
521 1518 580 1555 ep.
607 1504 725 1555 Apul.
769 1504 891 1544 Solia.
940 1503 999 1544 Cf.
1030 1504 1175 1543 Krebs:
1218 1501 1374 1544 ‘auctus
1410 1506 1463 1544 ist
1495 1505 1546 1544 A.
1579 1507 1628 1546 L,

133 1565 214 1603 und
239 1565 290 1604 N.
315 1561 397 1603 KI.'

75 1620 226 1675 captus
252 1625 336 1663 280
362 1627 496 1672 captus
519 1627 562 1663 ut
591 1635 698 1663 meus
721 1625 888 1672 ferebat,
924 1625 1035 1662 1286
1062 1636 1139 1672 pro
1171 1626 1286 1672 captu
1317 1625 1465 1663 lectoris
1493 1626 1632 1664 haberet

134 1695 209 1722 sua
241 1684 327 1732 fata
361 1684 488 1723 libelli.
546 1682 604 1722 Cf.
630 1683 775 1722 Krebs:
815 1679 985 1731 ‘Captus
1021 1683 1176 1722 kommt
1210 1684 1269 1721 als
1306 1683 1442 1722 Subst.
1480 1684 1523 1722 in
1560 1684 1631 1722 der

134 1742 348 1780 bildlichen
360 1742 792 1791 BedeutungEinsicht‚
802 1742 1111 1791 Fassunqskraft
1122 1743 1162 1780 in
1177 1743 1248 1780 der
1261 1742 1447 1781 besseren
1455 1742 1629 1793 Sprache

133 1800 197 1840 bei
223 1801 383 1850 Terenz,
408 1799 544 1840 Cicero
571 1802 649 1839 und
672 1800 819 1839 Caesar
843 1814 920 1839 nur
945 1801 987 1839 in
1012 1801 1082 1839 der
1101 1802 1324 1840 Redensart
1348 1805 1391 1840 ut
1415 1806 1551 1850 captus
1576 1807 1631 1842 est

132 1860 206 1898 mit
230 1860 357 1898 einem
378 1859 545 1899 Genetiv
564 1860 673 1898 Plur.
692 1872 775 1910 vor,
800 1859 896 1898 aber
921 1860 997 1910 nie,
1022 1872 1161 1899 ausser
1185 1861 1239 1898 im
1258 1860 1323 1909 Sp.
1344 1861 1393 1899 L.
1420 1859 1463 1909 (i.
1484 1875 1516 1900 e.
1537 1865 1630 1911 post

133 1912 374 1971 Antoninos)
394 1919 468 1958 mit
486 1918 811 1968 Praepositionen
832 1919 905 1958 wie
924 1931 1047 1968 supra
1066 1919 1146 1957 und
1159 1932 1236 1968 pro
1256 1916 1514 1959 verbunden'.
1549 1921 1625 1960 Sed

132 1978 179 2017 cf.
205 1977 323 2017 Gell.:
342 1990 418 2027 pro
443 1980 640 2017 aestimato
665 1982 780 2026 capta
804 1979 1003 2018 sollertiae.

77 2043 200 2076 casus
226 2038 309 2077 802
337 2049 448 2076 casus
478 2050 582 2076 unus
610 2039 654 2076 ni
677 2039 879 2086 probaret,
916 2038 1029 2077 1050
1054 2040 1192 2077 unicus
1222 2040 1361 2086 efficiet
1391 2050 1515 2078 casus.
1567 2038 1625 2078 Cf.

136 2095 266 2135 Krebs
293 2109 321 2136 s.
349 2110 402 2135 v.:
434 2092 552 2135 ‘'Was
585 2108 697 2135 casas
724 2114 778 2127 =
805 2097 897 2135 Fall
931 2097 1025 2136 oder
1050 2097 1235 2146 Ereiynis
1268 2097 1436 2148 betrifft,
1469 2110 1512 2137 so
1540 2099 1628 2137 sind

137 2155 212 2194 wie
230 2155 283 2193 im
298 2155 538 2204 Deutschen‚
560 2168 603 2194 so
624 2156 723 2194 auch
742 2156 796 2194 im
809 2155 1087 2194 Lateinischen
1098 2156 1332 2195 Ausdrflcke
1351 2157 1426 2196 wie
1445 2159 1487 2195 in
1499 2158 1629 2197 huius-

131 2215 245 2258 modi,
259 2215 339 2259 tali,
359 2215 477 2253 simili
496 2227 589 2253 casu
602 2215 732 2264 u.dgl.
746 2227 846 2265 ganz
864 2211 1130 2264 gewbhnlich’
1144 2228 1258 2265 e.q.s.
1287 2215 1415 2255 Sensu
1429 2228 1627 2265 gramma·

133 2272 210 2312 tico
243 2275 284 2311 et
313 2274 419 2323 apud
444 2274 725 2312 Terentianum
758 2277 799 2312 et
829 2273 937 2323 apud
967 2275 1067 2313 alios
1096 2275 1306 2324 scriptores
1333 2275 1527 2314 usitatum
1553 2278 1624 2315 est.

74 2326 314 2382 complexus
342 2333 452 2371 1226
485 2344 588 2371 nunc
618 2333 740 2372 libera
771 2345 937 2381 ‘namque
965 2336 1129 2381 utraque
1159 2335 1339 2382 amplexu
1370 2335 1530 2373 alterius
1559 2347 1628 2373 nec

131 2391 286 2430 subdita
315 2393 437 2430 currit
466 2385 569 2444 (scil.
595 2403 766 2431 consona
795 2386 986 2445 liquida),
1030 2392 1215 2431 similiter
1253 2392 1387 2438 Quint.
1422 2394 1493 2432 hac
1530 2406 1626 2433 voce

133 2461 229 2488 usus
255 2452 326 2488 est.

75 2502 228 2547 duetus
254 2509 336 2548 311
363 2509 464 2547 hunc
487 2510 641 2547 modum
665 2511 699 2549 si
724 2511 944 2558 competenti
960 2511 1122 2559 pertulit
1140 2512 1255 2550 ductu
1274 2511 1386 2550 stilus
1397 2526 1411 2559 ,·
1432 2513 1627 2552 translate

131 2567 254 2606 etiam
279 2566 413 2612 Quint.
431 2566 487 2605 IV
511 2569 548 2617 2,
570 2569 622 2607 53
651 2570 692 2607 et
715 2568 770 2606 IX
791 2570 831 2616 4,
852 2570 908 2607 30
934 2570 1006 2608 hac
1038 2582 1133 2608 voce
1158 2582 1255 2609 usus
1281 2573 1360 2621 est3
1386 2571 1434 2610 cf.
1461 2571 1625 2611 Forcell.

135 2637 166 2664 s.
190 2639 227 2665 v.
252 2626 291 2664 in
317 2627 432 2676 med.,
457 2626 527 2665 ubi
552 2627 717 2666 Ernesti.
736 2630 776 2665 et
801 2628 1009 2677 Spaldingi
1035 2628 1082 2667 de
1108 2628 1169 2667 his
1194 2629 1290 2668 locis
1318 2631 1534 2670 sententias
1560 2631 1625 2670 ad-

134 2685 225 2723 fert.
275 2684 368 2735 Ipsa
392 2698 467 2724 vox
491 2685 572 2723 iam
597 2698 620 2723 a
647 2685 789 2724 Plauto
816 2690 856 2724 et
882 2685 959 2725 Cic.
986 2687 1166 2726 adhibita
1192 2691 1263 2727 est.

74 2738 249 2782 effectus
276 2745 359 2782 382
387 2738 663 2796 (diphthongi)
696 2757 843 2793 semper
875 2746 1043 2793 effectum
1075 2747 1239 2786 duorum
1270 2750 1480 2797 temporum
1505 2754 1625 2789 custo-

131 2802 254 2858 diunt,
281 2803 364 2842 595
391 2806 433 2841 ut
458 2803 609 2850 effectus
627 2805 823 2852 probetur,
850 2816 1063 2844 consonans
1088 2818 1173 2845 eum
1197 2808 1263 2855 fiet
1285 2809 1322 2854 i,·
1353 2821 1414 2858 ap.
1435 2807 1513 2849 cio.
1539 2809 1625 2850 Liv.

134 2859 264 2906 Quint.
291 2860 349 2907 al„
369 2862 524 2912 saepius
551 2865 691 2901 exstat.
