1878 3242
280 186 364 227 354
943 186 986 223 A.
1006 159 1153 223 Wert'ln

267 298 346 339 alii,
370 296 415 334 N.
441 297 480 332 K
483 297 505 333 Ι.
533 310 554 333 a
571 297 654 333 ΙΙηιἱ
679 297 747 334 alii
774 295 849 333 und
876 297 967 334 noch
992 309 1044 334 an
1070 299 1188 334 cinam
1213 298 1360 335 andern
1381 295 1449 335 Ort
1468 313 1523 329 ==
1544 301 1653 346 atque
1677 298 1802 337 adhue

266 355 358 392 alibi
383 354 545 399 Quintil.
567 356 604 404 2,
625 356 691 403 21,
712 350 770 393 6'.
814 354 922 392 Idem
946 356 1063 404 paulo
1090 356 1180 403 post
1204 355 1358 393 scribit:
1384 351 1469 403 ςδ’ρ.
1489 356 1538 394 L.
1557 356 1610 394 ist
1634 369 1674 395 es
1695 357 1795 395 auch

266 413 305 450 in
331 413 399 450 der
423 412 718 460 gowohnlichen
738 412 970 461 Bedentung
993 413 1166 451 ilberclies
1189 412 1254 451 fur
1278 414 1402 456 etiam,
1422 416 1623 461 praeterea
1648 411 1797 454 etiam'.

381 465 502 508 Alias
527 486 581 501 =
608 467 771 508 ἄλλοτε.
819 471 929 509 1825
966 482 1033 508 nec
1068 482 1144 508 non
1180 471 1281 510 alias
1315 483 1457 519 qaoque
1498 473 1608 510 binas
1643 475 1676 511 et
1721 475 1797 511 tres

265 540 448 576 superare
470 529 598 571 solere,
626 530 735 567 1839
763 529 864 567 alias
887 531 1012 567 lamen
1035 530 1126 567 haec
1145 529 1273 567 eadem
1289 541 1399 577 pars,
1418 531 1587 577 quotiens
1610 531 1796 579 ithyphal-

265 588 362 624 Iieon
398 587 505 625 addit
536 590 696 625 metrum
736 587 825 630 sibi,
863 587 936 624 tale
970 588 1015 634 fit
1051 599 1182 625 unum.
1229 587 1345 626 Hand
1369 587 1389 626 I
1421 601 1456 636 p.
1479 589 1558 626 221
1599 588 1672 627 sub
1704 601 1739 627 n.
1772 590 1796 627 5

267 645 463 683 Ciceronis
488 646 685 695 quattuor,
711 645 822 683 binos
848 643 1026 683 Caesaris
1051 648 1092 683 et
1117 644 1304 684 Varronis
1330 646 1434 684 locos
1460 646 1601 686 adfert.

383 698 523 741 Aliter
550 704 631 741 719
658 715 735 741 non
759 704 871 741 aliter
895 715 1021 751 quam,
1046 703 1181 741 itidem
1208 704 1330 742 1233.
1373 703 1480 742 Idem
1507 703 1584 744 Cic.
1610 703 1707 742 Sall.
1728 703 1799 743 Ov.

267 761 350 800 Liv.
379 761 466 800 Sen.
493 763 613 800 contr.
642 761 729 801 Sen.
755 761 848 811 phil.
876 759 982 800 curt.
1009 760 1090 802 Col.
1115 759 1247 806 Quint.
1271 761 1370 802 Plin.
1401 762 1492 800 min.
1519 761 1625 802 Suet.
1651 762 1798 802 Fronto

268 820 418 857 Gellius
444 819 511 858 alii
535 819 727 867 dixerunt,
752 819 798 858 ef.
825 818 959 865 lexim,
984 819 1112 858 Krebs
1136 819 1176 857 in
1200 833 1234 859 v.
1259 821 1364 867 fieri,
1389 819 1605 859 Weissenb.
1632 820 1681 859 ad
1708 820 1792 861 Liv.

269 879 336 928 39,
358 879 424 927 28,
446 879 482 922 1,
506 877 630 916 Ebert
654 891 689 927 p.
712 879 778 925 36,
805 876 924 927 Gorg.
949 891 985 927 p.
1007 879 1071 916 25.
1123 876 1204 916 loti
1229 890 1327 917 saec.
1353 891 1389 928 p.
1415 878 1504 917 Chr.
1531 891 1568 917 n.
1593 891 1667 917 sec.
1694 891 1797 918 sem-

266 950 336 984 per
362 957 415 963 —
444 936 565 974 Gaius
596 936 698 974 cirea
729 935 862 974 tricies
891 956 940 962 —
968 947 1092 986 nsque
1122 936 1172 974 ad
1197 936 1424 975 Scaevolam
1456 937 1513 974 ita
1544 936 1665 975 locuti
1696 939 1799 986 eunt,

269 995 317 1034 os.
343 994 456 1041 Kalb,
483 995 525 1033 R.
545 995 581 1033 J.
607 1007 643 1043 p.
668 996 737 1044 183
764 994 830 1033 sed
856 994 960 1044 quod
984 994 1073 1032 inde
1099 1006 1123 1032 a
1148 994 1334 1034 Scaevola
1357 994 1565 1044 praebent:
1597 1006 1674 1033 non
1698 996 1801 1034 alias

272 1065 398 1101 qaam,
425 1053 682 1091 Terentianus
707 1065 785 1091 non
811 1052 940 1091 habet.

386 1108 451 1149 An
479 1107 523 1161 1)
550 1112 632 1149 209
658 1112 773 1158 refert
801 1111 963 1149 nihilwm
994 1111 1019 1148 k
1042 1112 1156 1159 prior
1185 1123 1238 1149 an
1267 1123 1291 1159 q
1319 1113 1388 1150 siet
1417 1123 1469 1150 an
1502 1123 1542 1158 c‚·
1571 1111 1644 1150 hoe
1674 1111 1801 1150 rarius

270 1169 468 1207 invenitur
493 1169 540 1207 cf.
567 1169 744 1208 Schmalz
769 1181 831 1218 ap.
855 1168 923 1208 Iw.
950 1169 1114 1207 Mueller
1137 1163 1197 1207 112
1220 1182 1255 1218 p.
1276 1170 1372 1218 456,
1398 1168 1424 1218 ξ
1447 1171 1540 1209 160.

389 1222 434 1279 2)
461 1227 506 1264 In
537 1228 705 1277 simplici
736 1227 1044 1277 interrogatione
1076 1227 1135 1265 bis
1160 1240 1231 1276 pro
1265 1239 1357 1265 num
1382 1228 1594 1267 invenitur:
1635 1229 1716 1267 286
1742 1230 1801 1266 in-

270 1287 366 1324 {ueri
391 1298 456 1323 vos
480 1289 630 1333 oportet,
656 1298 708 1324 an
732 1287 827 1324 satis
850 1287 900 1323 sic
924 1285 1057 1323 litteris
1080 1286 1240 1333 sinyulis
1265 1286 1426 1324 discreta
1449 1289 1544 1324 recte
1567 1317 1574 1325 .
1601 1316 1608 1325 .
1635 1316 1644 1326 .
1670 1317 1679 1325 .
1703 1288 1802 1325 nati-

268 1346 379 1386 vitas,
409 1345 491 1382 760
516 1355 583 1382 nee
602 1347 724 1392 potest
749 1347 783 1381 et
805 1344 872 1381 hoc
896 1344 1034 1390 liquere
1053 1355 1104 1381 an
1128 1345 1143 1381 i
1161 1347 1340 1391 patemus
1357 1355 1569 1383 consonam.
1609 1345 1673 1383 Sic
1690 1357 1802 1383 num·

270 1415 385 1451 quam
413 1401 564 1448 Cicero,
591 1403 668 1439 iam
700 1402 854 1451 saepius
881 1401 1034 1449 Livius,
1066 1403 1156 1450 post
1180 1403 1404 1451 Augustum
1437 1402 1570 1453 multi,
1594 1402 1634 1440 in
1664 1403 1801 1452 primis

270 1460 356 1499 Sen.
377 1461 489 1509 rhet„
514 1463 719 1509 praeterea
739 1459 858 1509 Curt.‚
885 1459 981 1499 Plin.
1001 1473 1071 1510 ep.‚
1097 1457 1227 1504 Quint.
1247 1471 1362 1510 saepe
1387 1456 1452 1511 (cf.
1474 1461 1666 1499 Bonnellii
1691 1456 1803 1513 ind.)‚

270 1520 322 1557 57
350 1519 446 1556 locis
473 1517 623 1556 Gellius
650 1513 716 1571 (cf.
742 1518 860 1568 Gorg.
886 1531 921 1567 p.
942 1513 1017 1569 42)
1042 1518 1162 1556 locuti
1189 1520 1298 1568 sunt3
1330 1518 1378 1558 ef.
1405 1518 1523 1557 etiam
1549 1518 1675 1557 Krebs
1699 1518 1739 1557 in
1765 1531 1802 1559 v.

269 1589 318 1614 an
344 1590 379 1625 p.
406 1578 498 1615 147.
524 1589 549 1625 p

387 1629 433 1687 3)
459 1635 504 1672 In
547 1635 651 1673 riore
669 1633 978 1685 interrogatione
996 1635 1143 1685 legitur
1165 1636 1293 1674 1062:
1319 1636 1497 1683 exemplis
1521 1647 1573 1674 an
1593 1647 1722 1684 prava
1746 1647 1802 1675 se·

270 1706 369 1740 quar
387 1694 444 1731 vel
463 1705 524 1731 ree
548 1694 767 1741 taprobato;
788 1693 903 1732 huius
923 1696 1055 1732 autem
1075 1706 1168 1731 usus
1188 1693 1330 1744 Draeg.
1344 1692 1386 1731 II
1410 1707 1447 1743 p.
1460 1695 1543 1733 489
1570 1694 1803 1744 paucissima

269 1752 443 1800 priomm
481 1752 665 1800 exempla
707 1751 882 1800 collegit3
919 1765 1039 1790 unum
1076 1751 1221 1801 Apulei
1258 1746 1369 1804 (met.
1392 1753 1458 1802 11,
1479 1747 1523 1803 6)
1561 1757 1642 1790 tres
1678 1752 1802 1791 Anon.

269 1810 477 1859 physiogn.
509 1810 614 1848 locos
646 1809 758 1848 Ferd.
790 1809 912 1848 Meier
949 1805 1028 1848 ‘De
1054 1810 1177 1848 Anon.
1203 1805 1332 1859 phys.'
1369 1810 1536 1860 addidit3
1574 1810 1725 1849 Gellius
1762 1810 1803 1848 in

269 1867 528 1905 disiunctione
546 1879 593 1905 ne
616 1888 664 1893 —
688 1878 827 1911 annon,
846 1870 1022 1906 utrumne
1045 1888 1091 1894 —
1115 1880 1179 1911 an,
1198 1879 1299 1906 anne
1319 1887 1373 1894 -—
1393 1880 1456 1912 an,
1483 1880 1535 1906 an
1558 1888 1604 1895 —
1629 1880 1680 1906 an
1703 1862 1803 1920 (ter)

270 1926 487 1974 usurpavit,
513 1925 561 1963 cf.
587 1924 705 1975 Gorg.
731 1938 769 1974 p.
786 1926 840 1962 42
857 1937 910 1974 sq.
961 1924 1037 1963 Sed
1062 1925 1133 1964 hoc
1158 1924 1287 1974 ipsum
1312 1937 1365 1963 an
1391 1946 1444 1952 —
1469 1926 1527 1963 vel
1550 1925 1676 1965 Krebs
1701 1926 1741 1964 in
1767 1938 1800 1965 v.

270 1995 320 2020 (m
356 1984 406 2022 N.
427 1983 474 2020 L.
501 1982 524 2020 i.
546 1996 576 2021 e.
614 1983 841 2021 ultimorum
885 1986 1104 2033 temporum
1148 1994 1232 2021 esse
1275 1983 1386 2030 dicit,
1429 1984 1531 2034 quod
1575 1983 1800 2023 Terentiani

271 2041 448 2090 exemplo
474 2041 715 2090 infringitur.
1624 2091 1627 2094 Ι

387 2094 433 2151 4)
459 2099 630 2137 Notandi
657 2100 775 2137 etiam
801 2100 839 2137 hi
867 2104 958 2138 sunt
982 2099 1074 2151 loci,
1099 2099 1165 2138 ubi
1196 2101 1254 2138 vel
1277 2112 1347 2149 pro
1373 2111 1424 2138 an
1454 2099 1623 2149 legitur:
1660 2101 1743 2140 692
1769 2102 1803 2139 εἰ

271 2170 346 2195 mon
366 2159 492 2205 prius,
519 2169 702 2196 consonas
726 2170 822 2205 quae
838 2160 972 2206 prima
995 2160 1037 2196 in
1061 2160 1137 2197 ista
1160 2159 1309 2207 syllaba
1333 2160 1408 2197 cui
1435 2159 1614 2197 scribitur
1638 2170 1658 2197 c
1680 2161 1803 2207 magis

269 2217 326 2253 vel
357 2229 378 2263 q
408 2217 535 2254 notari
565 2216 694 2254 debeat
727 2217 952 2264 despexeris,
990 2219 1030 2254 et
1066 2217 1268 2255 enuntiato
1303 2217 1478 2266 generali
1515 2216 1801 2267 interrogativo

270 2275 527 2323 praecedente
556 2275 656 2313 695:
681 2275 736 2313 sic
760 2276 859 2312 enim
883 2277 1053 2312 constare
1069 2276 1210 2322 poterit
1227 2286 1246 2312 e
1263 2275 1413 2314 duabus
1436 2285 1533 2322 quae
1555 2277 1678 2323 mayis
1701 2286 1803 2313 nune

270 2334 391 2370 lamam
416 2333 556 2370 vocalis
580 2333 715 2371 habeat
738 2345 765 2370 a
782 2334 896 2380 prIor
920 2334 977 2370 vel
1011 2334 1026 2371 i
1049 2344 1215 2380 sequens.
1264 2332 1346 2371 Hoc
1372 2345 1526 2383 qnoque
1554 2331 1678 2371 Krebs
1710 2346 1739 2372 s.
1765 2346 1802 2373 v.

271 2391 328 2427 rel
353 2391 579 2428 ultimorum
606 2392 826 2440 temporum
852 2403 936 2429 esse
961 2390 1071 2440 dieit3
1096 2391 1197 2440 quod
1222 2390 1334 2430 nobis
1358 2390 1580 2440 negandum
1607 2394 1679 2430 est.

388 2443 433 2501 5)
463 2449 537 2486 Pro
563 2461 614 2487 an
638 2451 801 2499 propter
826 2453 994 2487 metrum
1030 2449 1069 2486 in
1095 2462 1156 2488 vv.
1179 2450 1274 2498 728,
1302 2449 1397 2498 733,
1425 2450 1504 2488 793
1539 2451 1606 2488 aut
1635 2448 1802 2488 seriben-

270 2508 361 2545 ‹lum
388 2510 449 2545 est
474 2506 606 2556 itaque
632 2507 751 2546 etiam
777 2507 816 2545 in
843 2519 903 2545 vv.
926 2508 1022 2553 517,
1050 2508 1145 2554 788,
1172 2508 1268 2557 903,
1295 2509 1377 2546 916
1411 2507 1580 2546 editores
1610 2519 1684 2546 non
1717 2507 1800 2546 sine

271 2566 439 2614 quadam
466 2565 746 2614 probabilitate
771 2569 838 2603 aut
863 2577 933 2614 pro
958 2577 1011 2603 an
1035 2565 1305 2605 restituerunt.
1354 2565 1502 2604 Tamen
1532 2578 1620 2604 enm
1653 2577 1706 2604 an
1730 2577 1799 2615 pro

271 2627 337 2661 ant
362 2624 480 2661 etiam
507 2621 584 2661 Cic.
606 2622 719 2661 Varr.
746 2622 815 2662 Ov.
843 2623 926 2661 Liv.
953 2622 1051 2662 Stat.
1079 2623 1170 2663 Tae.
1191 2623 1291 2662 Plin.
1317 2635 1374 2673 ep.
1395 2623 1511 2673 Apul.
1538 2617 1603 2676 (ef.
1623 2621 1799 2662 Hildebr.

271 2682 307 2719 Il
336 2695 372 2731 p.
392 2682 474 2719 435
510 2681 582 2719 sub
613 2676 698 2732 fin.)
730 2681 926 2720 Ausonius
958 2681 1025 2719 alii
1057 2681 1303 2730 admiserint,
1329 2681 1496 2720 editores
1527 2680 1637 2730 sequi
1666 2681 1798 2720 nolim.

271 2739 446 2777 Solimalz
471 2752 533 2788 ap.
552 2739 617 2778 Iw.
643 2739 810 2777 Mueller
834 2739 872 2777 Il
899 2739 936 2777 in
963 2737 988 2788 ἓ
1019 2741 1097 2778 195
1125 2739 1220 2777 haee
1245 2739 1379 2777 habet:
1411 2735 1537 2776 ‘Aueh
1562 2738 1632 2776 das
1658 2739 1798 2788 Frage-

273 2801 372 2835 wort
396 2809 448 2834 an
481 2797 675 2835 erscbeint
704 2798 762 2835 als
790 2796 1204 2848 Disjunktivpartike13
1241 2809 1311 2835 aus
1348 2794 1435 2835 dem
1466 2796 1606 2835 Altlat.
1636 2795 1689 2834 ist
1724 2809 1799 2834 nur

272 2856 356 2892 eine
394 2855 515 2893 Stelle
553 2867 624 2893 aus
661 2855 750 2893 Aee.
789 2856 981 2905 erwahnt,
1018 2855 1151 2905 hilufig
1187 2855 1240 2894 ist
1275 2854 1343 2892 der
1379 2853 1582 2893 Gebraueh
1616 2854 1677 2892 bei
1709 2854 1798 2905 Cio„

271 2913 506 2950 namentlich
544 2913 583 2950 in
614 2913 690 2951 den
721 2913 877 2950 Briesen
904 2942 912 2951 .
938 2942 947 2951 .
975 2943 982 2951 .
1007 2940 1036 2962 .,
1071 2912 1281 2952 vereinzelt
1311 2911 1373 2950 bei
1405 2910 1553 2961 Catull,
1592 2911 1686 2950 Sall.
1721 2914 1797 2951 und
