1878 3242
248 198 332 240 368
669 231 675 238 .
911 198 954 233 A.
975 198 1119 234 Werth:

248 309 394 346 haltnis
431 308 493 346 bei
518 307 728 373 Ulpianus:
765 307 957 357 ungefshr
985 309 1067 347 700
1093 309 1205 355 quasi
1229 308 1308 346 und
1333 308 1452 346 kaum
1480 308 1534 348 10
1553 305 1617 356 tq?
1666 309 1783 359 Apud

250 368 485 405 Frontonem
514 361 600 418 (qui
627 366 752 404 sexies
778 368 888 413 quasi
912 361 1051 419 habet)
1077 368 1118 404 et
1135 365 1348 416 Apuleium
1374 369 1566 414 tamquam
1585 366 1694 406 deest
1712 361 1780 420 (cf.

247 425 397 462 Becker
422 437 459 473 p.
482 419 581 476 10),
615 436 703 463 r·a10
741 424 859 462 etiam
885 437 944 474 ap.
965 424 1193 463 Suetonium
1219 424 1430 464 invenitur
1477 424 1616 474 Itaque
1641 425 1781 463 Teren

250 484 401 522 tianum
426 494 513 520 cum
538 482 579 520 in
604 482 722 520 tertio
748 482 861 533 libr,o
887 495 1001 532 quem
1026 482 1226 532 aliquanto
1252 485 1343 522 ante
1368 482 1579 522 secundum
1604 482 1781 533 confecit,

251 545 444 588 {amquam
468 553 546 579 non
573 541 630 579 ita
654 553 743 579 raro
768 553 839 589 pro
865 541 1044 590 portione
1070 535 1115 593 (5
1137 537 1250 592 locis)
1275 540 1463 588 habea-t,
1452 554 1494 578 111
1519 541 1686 580 secundo
1705 553 1783 580 non

249 600 410 647 habeat,
448 611 494 638 eo
531 611 626 638 aevo
663 599 785 638 fuisse
827 599 1130 637 existimandum
1168 601 1245 649 est,
1284 612 1360 649 quo
1398 602 1591 647 tamquam
1627 611 1674 638 ex
1710 611 1783 637 usu

249 669 482 696 evanescere
507 659 707 707 coeperat,
732 657 757 696 i.
777 670 811 695 e.
835 657 938 695 inter
963 670 997 695 a.
1020 658 1103 696 150
1128 659 1168 696 et
1195 659 1277 696 200
1303 670 1339 705 p.
1360 656 1449 696 Chr.
1468 669 1504 695 n.

368 723 580 769 Quatenus
605 727 764 765 modum
789 727 984 777 significat
1008 722 1084 780 (=
1104 724 1303 779 quomodo)
1332 728 1460 766 1863:
1486 730 1574 765 tunc
1596 728 1668 774 fiat
1691 739 1781 775 qua-

250 789 357 824 tenus
382 787 546 832 addam,·
578 786 616 823 in
636 799 671 824 v.
693 787 776 824 687
803 788 933 824 autem
962 785 1203 834 significatus
1228 785 1377 824 notioni
1401 785 1548 824 causali
1567 797 1684 835 quam
1703 798 1783 824 mo-

252 844 332 882 dali
350 844 511 894 propior
532 847 607 882 est:
633 845 731 882 hanc
757 845 904 882 brevem
921 845 986 882 sed
1004 847 1091 882 ante
1108 845 1215 883 nobis
1233 845 1508 892 pervidendum
1527 846 1580 882 est
1597 843 1783 892 syllabam

252 915 332 941 una
357 914 569 941 consonans
593 906 719 941 secuta
744 906 929 950 quatenus
953 903 1106 950 longam
1131 905 1235 941 creet.
1277 902 1336 940 De
1362 903 1520 941 notione
1539 901 1689 940 causali
1705 902 1783 951 pri-

250 974 356 998 mum
381 973 405 998 a
423 960 606 999 Lucretio
631 961 809 999 adhibita
828 961 946 1010 atque
966 973 990 998 a
1009 959 1136 1010 Capro
1155 961 1412 1010 grammatico
1430 954 1516 1012 (Gr.
1530 960 1572 999 L.
1586 959 1663 998 VII
1681 954 1783 1013 100)

249 1021 552 1058 commemorata
581 1019 628 1058 cf.
655 1019 850 1057 Bucheler
881 1019 922 1056 in
946 1031 1045 1058 mus.
1071 1019 1193 1057 Rhen.
1221 1018 1429 1057 XXXVIII
1448 1020 1543 1058 508.
1607 1018 1784 1056 Schmalz

251 1091 311 1127 ap.
332 1078 400 1116 Iw.
420 1078 472 1115 M.
491 1072 550 1116 Π2
570 1079 664 1125 521,
686 1075 711 1126 ξ
733 1078 816 1115 294
842 1077 938 1115 haec
962 1077 1097 1115 habet:
1126 1073 1332 1115 ‘Kausales
1359 1080 1543 1125 Quatenus
1566 1076 1636 1114 hat
1655 1079 1786 1115 zuerst

250 1136 363 1175 Lucr.
383 1135 424 1173 II
445 1137 540 1183 927,
566 1137 669 1173 daun
689 1135 816 1174 Horaz
840 1149 875 1173 u.
897 1133 1007 1185 Ovid,
1027 1134 1112 1173 val.
1135 1136 1234 1173 Max.
1255 1138 1386 1174 zuerst
1410 1136 1451 1174 in
1469 1135 1602 1184 Prosa,
1628 1135 1786 1173 hierauf

250 1193 381 1239 Quint.
403 1194 501 1232 Plin.
522 1194 612 1232 min.
633 1194 723 1232 Tac.
743 1193 849 1231 Suet.
870 1193 986 1243 Flor.,
1010 1193 1064 1231 im
1084 1193 1148 1242 Sp.
1168 1193 1211 1231 L.
1238 1194 1300 1232 die
1325 1193 1538 1231 Afrikaner
1562 1206 1600 1231 u.
1619 1205 1653 1231 a.
1696 1193 1784 1231 Nur

249 1253 318 1290 der
350 1254 533 1302 spateren
557 1251 752 1290 Latinitst
785 1252 926 1300 gehort
956 1263 1005 1289 an
1037 1255 1221 1299 quatenus
1241 1268 1294 1282 =
1314 1253 1494 1300 quomodo
1524 1251 1588 1289 bei
1620 1251 1783 1290 ΤΘΗ-1111.

248 1310 355 1350 Lact.
377 1310 503 1348 Hilar.
523 1311 642 1349 Firm.
665 1310 758 1348 Mat.
778 1323 816 1349 u.
837 1305 887 1348 a.’
937 1309 1013 1348 Sed
1045 1310 1144 1348 hanc
1175 1311 1374 1348 notionem
1398 1310 1476 1348 iam
1502 1309 1642 1348 Sextus
1668 1308 1785 1348 Pom-

249 1370 389 1417 ponius
415 1368 552 1417 ICtus,
587 1369 653 1418 qui
679 1368 750 1406 sub
778 1368 979 1406 Hadriano
1004 1369 1046 1406 et
1070 1368 1269 1407 Antonino
1295 1367 1366 1406 Pio
1390 1367 1540 1415 floruit,
1573 1367 1709 1418 habet,
1734 1367 1782 1406 cf.

249 1426 311 1464 w.
332 1427 378 1465 A.
399 1426 435 1463 V
453 1440 489 1476 p.
511 1428 607 1465 407.

367 1486 465 1533 Quo.
514 1491 604 1529 Non
629 1491 829 1540 eleganter
855 1491 1002 1530 dictum
1027 1493 1103 1529 est:
1139 1492 1249 1530 1022
1277 1492 1422 1530 divisae
1444 1492 1630 1539 finemque
1654 1493 1784 1539 caput-

249 1561 317 1596 que
342 1553 512 1587 tenentes.
561 1549 619 1587 De
645 1553 766 1597 etque
785 1550 895 1588 2049
918 1552 958 1588 et
978 1550 1090 1588 2548
1111 1561 1179 1600 sq„
1199 1570 1254 1576 —
1274 1561 1343 1597 que
1368 1553 1402 1587 et
1422 1569 1471 1576 -
1497 1549 1619 1599 1198,
1643 1569 1692 1576 —
1715 1561 1786 1597 que

249 1628 303 1633 -
329 1620 399 1655 que
426 1608 537 1646 1632
563 1608 609 1645 cf.
632 1620 752 1656 supra
775 1621 814 1657 p.
830 1609 912 1647 356
927 1619 983 1658 sq
1032 1608 1077 1646 In
1102 1621 1138 1647 v.
1160 1609 1244 1646 750
1269 1610 1418 1646 autem:
1441 1608 1548 1646 nuda
1571 1608 1637 1646 sed
1652 1609 1782 1656 prior-

251 1678 322 1713 que
346 1662 421 1718 (sic
441 1666 560 1715 Sana,
586 1668 700 1714 prior
725 1678 821 1714 quae
838 1661 897 1719 M)
923 1667 1072 1714 quando
1097 1678 1164 1705 nee
1187 1668 1343 1705 subacta
1368 1670 1420 1705 est
1438 1677 1631 1710 consonae,
1658 1678 1727 1714 φωρ
1746 1668 1786 1704 et

250 1736 317 1762 nec
342 1725 446 1762 inter
471 1737 512 1762 se
537 1725 784 1773 respondent.

366 1784 485 1834 Qma,
512 1801 599 1827 cum
624 1790 723 1836 quod
746 1788 872 1827 multo
897 1789 1023 1827 rarius
1049 1788 1282 1839 inveniatur,
1307 1789 1396 1838 plus
1417 1788 1669 1838 septuaginta
1686 1788 1781 1828 locis

248 1847 407 1895 legitur.
455 1847 555 1885 Nam
588 1847 747 1886 voculae
779 1849 895 1896 quod,
926 1859 1013 1885 cum
1043 1860 1114 1896 pro
1140 1859 1217 1886 acc.
1243 1849 1284 1885 et
1307 1847 1375 1885 inf.
1401 1847 1441 1885 in
1466 1858 1643 1885 sermone
1668 1846 1782 1886 cotti-

250 1905 365 1942 diano
391 1905 654 1954 adhiberetur,
680 1905 739 1943 vis
765 1905 932 1943 causalis
959 1917 1036 1944 non
1061 1905 1238 1943 sufficere
1262 1905 1480 1944 videbatur.
1524 1904 1701 1943 Schmalz
1719 1917 1780 1955 ap.

249 1963 317 2001 Iw.
339 1963 389 2001 M.
409 1958 465 2000 11²
487 1964 582 2012 501,
608 1961 634 2011 ἓ
658 1964 740 2001 254
767 1962 976 2012 scriptores
1001 1964 1216 2012 primorum
1241 1975 1276 2001 a.
1296 1963 1385 2002 Chr.
1412 1965 1452 2001 et
1475 1976 1512 2012 p.
1533 1961 1623 2001 Chr.
1650 1975 1781 2002 saecu·

248 2022 374 2059 lorum
401 2022 491 2068 quia
517 2021 712 2059 rarissime
737 2033 968 2071 usurpasse,
995 2022 1149 2071 saepius
1175 2021 1409 2070 particulam
1433 2019 1600 2059 in>1tala
1625 2021 1780 2059 demum

250 2079 487 2117 Tertulliani
522 2081 562 2117 et
595 2080 700 2128 apud
732 2079 1027 2118 Ecclesiasticos
1062 2079 1238 2129 aliosque
1269 2079 1530 2128 posteriorum
1561 2080 1779 2128 temporum

249 2137 457 2186 scriptores
494 2138 661 2175 inveniri
695 2138 806 2187 dicit,
841 2138 909 2175 scd
943 2138 1020 2175 iam
1047 2137 1167 2176 Gaius
1202 2150 1272 2186 pro
1306 2138 1404 2185 quod
1432 2137 1660 2186 plerumque
1690 2138 1781 2184 quia

250 2196 466 2245 usurpavit.
509 2194 573 2246 (In
594 2195 862 2234 Antibarbaro
889 2195 1065 2234 Schmalz
1085 2195 1365 2245 Landgrafium
1385 2195 1606 2234 accuratius
1626 2195 1673 2233 de
1693 2206 1779 2244 par·

249 2254 382 2292 ticulis
408 2254 632 2292 causalibus
657 2266 718 2303 ap.
740 2254 1021 2303 Reisig-Haase
1046 2267 1082 2303 p.
1105 2255 1330 2293 286—291
1360 2254 1486 2303 egisse
1511 2247 1634 2306 dicit.)

366 2318 537 2366 Quidem
562 2324 603 2362 in
627 2324 830 2362 enuntiato
856 2325 997 2373 priore,
1023 2324 1125 2373 quod
1151 2325 1320 2363 alterum
1340 2343 1395 2350 —
1414 2324 1645 2374 plerumque
1663 2324 1782 2373 parti-

252 2383 350 2420 culis
384 2384 450 2421 3οά
483 2384 553 2420 aut
586 2385 711 2420 {amen
743 2382 930 2431 incipiens
955 2402 999 2408 —
1038 2385 1241 2433 sequatur,
1274 2382 1335 2420 his
1366 2382 1460 2420 locis
1484 2381 1650 2431 legitur:
1686 2381 1781 2431 208,

251 2443 347 2492 240,
366 2443 464 2491 474,
485 2443 581 2490 593,
604 2442 698 2490 779,
718 2442 814 2490 828,
835 2442 918 2480 893
939 2442 1006 2490 al.3
1025 2443 1114 2490 post
1138 2440 1348 2480 relativum
1368 2441 1468 2490 823;
1493 2451 1541 2478 ne
1562 2459 1611 2466 -
1633 2440 1782 2488 quidem

253 2501 383 2549 2365,
409 2500 456 2538 cf.
483 2499 600 2537 etiam
629 2511 746 2549 supra
772 2502 805 2537 et
830 2501 869 2537 et
892 2511 968 2537 nec.
1021 2497 1085 2548 [A.
1106 2498 1295 2548 Ludewig
1320 2494 1541 2544 ‘Quomodo
1566 2497 1667 2536 Plin.
1691 2498 1781 2537 mai.

250 2558 336 2595 Sen.
369 2558 462 2607 phil.
495 2557 605 2595 Curt.
637 2556 768 2602 Quint.
801 2556 915 2596 Corn.
947 2557 1037 2596 Tac.
1061 2556 1160 2595 Pl=n.
1187 2557 1277 2595 min.
1303 2556 1496 2605 particula
1532 2556 1680 2604 quidem
1716 2554 1778 2594 usi

250 2611 350 2653 sint'
375 2617 414 2653 in
441 2611 609 2666 ‘Pi-ager
636 2615 735 2654 Phil.
762 2611 891 2653 Studf
921 2616 1027 2654 1891
1058 2615 1149 2653 fasc.
1174 2614 1234 2653 III
1257 2615 1353 2653 mihi
1378 2626 1455 2652 non
1479 2616 1635 2664 praesto
1660 2611 1775 2662 erat]

367 2680 474 2727 Quin
499 2684 715 2723 coniunctio
742 2684 1007 2723 subiunctiva:
1043 2685 1143 2732 326,
1179 2685 1300 2723 1163.
1349 2683 1531 2734 Augetur
1554 2685 1593 2722 et
1617 2682 1777 2721 effertur

254 2756 314 2781 res
339 2743 561 2792 particulis:

366 2815 458 2860 quin
486 2814 615 2862 1077;

366 2873 458 2918 quin
475 2892 523 2898 —
541 2873 653 2910 etiam
680 2871 762 2909 214
790 2865 894 2922 (Cic.
914 2866 1103 2923 aliique),

366 2931 456 2975 quin
482 2932 514 2967 et
540 2930 634 2975 415,
656 2930 752 2977 520,
775 2930 882 2966 1451
906 2924 1021 2980 (Hor.
1041 2927 1191 2966 carm.I
1213 2929 1276 2974 10,
1302 2929 1372 2976 133
1392 2927 1481 2966 Tac.
1502 2924 1568 2975 [cf.
1586 2925 1712 2966 Krebs
1738 2928 1778 2966 111
