1878 3242
0 0 31 177 ξ

0 178 14 240 5

0 290 14 308 -
52 258 100 296 ut
119 255 238 296 etiam
258 255 477 295 accusativi
496 268 585 295 cum
610 255 807 296 infinitivo
827 267 946 305 quam
965 266 1154 294 vocamus
1174 255 1419 294 structuram
1439 256 1612 304 superet.

0 315 106 369 Ut
130 315 235 366 apud
261 315 557 354 Tertullianum
568 310 616 368 1),
641 315 713 354 ubi
738 328 786 354 ex
810 314 917 353 Itala
940 315 1047 354 locos
1074 313 1218 363 adfert,
1243 314 1494 353 accusativus
1521 326 1613 353 cum

0 344 19 430 Ξ
48 375 116 415 inf.
137 376 194 414 44
219 375 330 426 locis,
356 376 411 414 48
438 376 550 427 quod,
577 376 630 414 13
657 376 762 424 quia,
789 376 813 414 3
841 376 1034 424 quoniam,
1060 386 1157 424 ergo
1185 374 1240 412 64
1266 374 1364 413 locis
1390 374 1612 423 particulae

0 435 13 495 ξ
48 434 322 484 inveniuntur,
359 435 506 485 quibus
543 434 719 473 numeris
756 434 865 485 apud
902 433 1147 485 cyprianum
1183 434 1242 472 hi:
1282 434 1356 482 31,
1386 435 1432 483 3,
1458 434 1526 483 66,
1556 434 1614 471 44

0 482 126 549 5³(=
148 495 229 534 31·
245 465 350 545 113)
375 494 628 544 respondent.
659 494 745 544 Ipsi
770 496 905 532 autem
930 493 1139 544 particulis
1159 493 1289 531 rarius
1314 494 1496 543 utuntur,
1518 492 1616 530 Ter-

0 510 18 595 }
48 554 242 592 tullianus
269 555 323 594 56
343 554 441 593 locis
466 555 576 602 quod,
605 555 656 592 11
679 555 786 602 quia,
813 554 836 592 7
859 555 1053 602 quoniam,
1079 554 1123 591 at
1141 565 1220 592 acc.
1241 565 1272 592 c.
1292 552 1362 592 inf.
1381 553 1473 602 plus
1496 553 1614 591 2500

8 613 157 663 locis,
183 612 406 664 Cyprianus
430 613 558 652 isdem
585 614 652 661 38,
681 614 748 662 24,
777 614 829 651 12
858 608 934 667 (=
958 610 1061 663 74)·
1083 613 1166 652 918
1193 612 1301 652 locis.

0 661 17 731 Ξ
168 672 310 711 Modus
335 672 377 711 iu
403 672 620 711 enuntiatis
646 685 671 710 a
695 674 796 721 quod
825 673 968 712 vocula
997 672 1281 722 incipientibus
1312 672 1396 711 fere
1429 674 1491 710 est
1522 684 1612 710 con·

0 737 18 783 5?
49 726 310 784 iunctivus2),
335 732 405 770 sed
438 732 640 771 interdum
663 732 903 772 indicativus
929 732 1104 771 occurrit
1134 734 1256 782 atque
1288 733 1450 798 praeter
1477 731 1614 770 Petro-

0 786 13 834 5
49 791 176 842 nium,
211 791 282 842 qui
305 791 486 830 omnibus
518 793 710 841 quattuor
741 791 838 831 locis
868 792 1129 831 indicativum
1159 791 1311 841 posuit,
1343 791 1384 829 in
1416 791 1612 842 excerptis

51 850 141 891 Sen.
165 851 279 901 rhet„
304 851 411 901 apud
437 850 542 899 Tac„
563 850 661 889 Plin.
682 851 788 902 min.,
811 850 996 901 Gellium,
1014 845 1289 903 Apuleium-³),
1316 852 1519 890 auctorem
1546 850 1613 889 de-

7 925 14 928 ··
13 906 334 950 clamationum
371 910 586 961 maiorum,
624 904 982 963 Tertullianum4)‚
1021 905 1201 950 ‘omnes'
1239 910 1429 961 denique,
1467 912 1513 948 ut
1556 910 1615 948 ait

0 965 43 1035 Ξ
51 970 205 1022 Mayen,
230 966 549 1020 ‘provinciales'.
597 970 854 1037 Frequenter
870 969 1150 1021 indicativum,
1176 982 1266 1008 cum
1290 973 1383 1019 post
1407 971 1501 1018 quia
1525 981 1615 1018 quo-

0 1036 12 1092 5
51 1031 159 1070 niam
183 1031 366 1079 quomodo
390 1030 565 1069 usitatus
591 1029 655 1080 sit,
674 1042 754 1068 nou
779 1029 858 1068 nisi
882 1029 924 1068 in
941 1029 1078 1079 paucis
1096 1029 1348 1069 versionibus
1369 1023 1464 1082 (ut
1455 1043 1498 1067 ιιι
1518 1029 1616 1067 Ter-

53 1089 211 1129 tulliani
243 1089 350 1128 Itala
387 1091 428 1128 et
463 1089 506 1128 in
535 1089 714 1128 Pastoris
748 1089 920 1127 Hermae
957 1083 1160 1142 versione)
1199 1090 1241 1128 et
1277 1090 1384 1139 apud
1417 1088 1618 1128 Alcimum

53 1149 217 1189 Avitum
248 1151 405 1188 exstare
432 1149 576 1199 Mayen
612 1148 718 1188 dicit.
770 1148 846 1187 Sed
880 1148 1003 1188 etiam
1032 1149 1139 1199 apud
1169 1148 1429 1187 Ammianum
1453 1148 1539 1187 Ma1
1543 1148 1618 1186 cel

483 142 537 178 De
562 142 970 183 Terentianisermone
997 142 1035 178 et
1059 142 1196 178 aetate.
1530 139 1612 181 351

0 1109 13 1164 5

0 1166 13 1267 ξ
53 1207 194 1259 linum,
219 1220 309 1248 cum
334 1207 608 1248 coniunctivus
633 1208 754 1248 vicies
785 1208 870 1247 fere
901 1208 1147 1260 inveniatur,
1174 1208 1413 1247 indicativus
1447 1208 1616 1259 quadra-

38 1267 167 1319 ,ginta
190 1268 288 1308 locis
314 1263 503 1321 exstat-⁵).

0 1321 10 1386 Ξ
171 1327 281 1367 Haec
305 1327 429 1378 igitur
456 1328 489 1366 si
514 1327 829 1377 considerantur,
856 1327 1121 1366 Terentianus
1148 1340 1220 1377 pro
1247 1327 1430 1377 portione
1457 1340 1535 1366 non
1561 1327 1618 1366 ita

0 1389 9 1446 5
53 1399 144 1426 raro
167 1387 270 1426 hanc
294 1387 495 1426 licentiam
526 1388 733 1437 amplexus
760 1389 838 1437 est,
864 1399 910 1426 ac
942 1389 1079 1425 tamen
1103 1387 1178 1426 hoc
1210 1387 1340 1437 magis
1366 1387 1618 1438 neglegentis

0 1446 9 1494 ’ᾗ
54 1449 94 1486 et
117 1446 326 1486 cottidiani
351 1447 545 1486 sermonis
563 1460 684 1497 quam
709 1446 942 1497 posterioris
961 1447 1049 1486 aevi
1074 1447 1264 1485 indicium
1285 1449 1358 1486 est.
1389 1446 1494 1485 Nam
1518 1446 1617 1485 haec

0 1505 10 1546 ἰῖ
53 1506 293 1546 constructio
318 1506 544 1555 verborum,
569 1519 657 1545 cum
682 1507 918 1556 plerumque
943 1506 984 1544 in
1009 1506 1278 1556 versionibus,
1305 1506 1615 1552 commentariis,

0 1557 13 1618 5
51 1564 150 1605 artis
181 1565 295 1604 libris
324 1565 568 1613 inveniatur,
605 1566 648 1604 in
685 1578 866 1605 sermone
899 1565 1075 1617 eleganti
1112 1568 1153 1605 et
1190 1578 1290 1615 puro
1329 1577 1486 1616 semper
1522 1578 1616 1604 rara

0 1617 18 1659 Ξῖ
52 1625 217 1676 mansit,
248 1627 295 1664 ut
324 1625 431 1675 apud
455 1619 633 1679 10t0s6)‚
666 1625 813 1675 quibus
840 1625 1044 1664 addendus
1070 1627 1133 1664 est
1156 1625 1354 1664 Minucius
1380 1625 1511 1676 Felix,
1548 1625 1619 1675 qui

0 1653 19 1767 Ξ
53 1696 140 1724 eam
166 1696 322 1734 semper
345 1684 501 1724 vitavit.
544 1685 686 1736 Itaque
711 1697 791 1723 non
816 1687 878 1723 est
908 1697 978 1723 cur
1004 1685 1291 1723 Terentianum
1322 1687 1416 1735 post
1441 1684 1616 1723 Gellium

0 1765 21 1817 5
54 1745 95 1782 et
118 1743 333 1793 Apuleium
359 1744 562 1794 scripsisse
588 1757 831 1784 censeamus.
880 1743 1007 1783 Immo
1035 1757 1125 1783 eum
1150 1744 1212 1783 his
1244 1744 1341 1794 ipsis
1367 1744 1615 1794 temporibus

53 1802 177 1842 fuisse
202 1803 324 1842 etiam
348 1803 422 1842 hac
446 1816 490 1842 re
514 1803 726 1853 probatui,
751 1803 856 1854 quod
886 1804 1093 1853 particulis
1118 1805 1211 1852 quia
1237 1807 1278 1842 et
1302 1805 1486 1852 quoniam
1511 1816 1614 1854 quae

0 1814 25 1960 Ξ
54 1874 125 1912 pro
150 1874 227 1903 acc.
254 1875 285 1901 c.
309 1862 380 1902 inf.
406 1862 480 1901 sub
506 1866 726 1902 extremum
760 1864 961 1902 saeculum
995 1863 1210 1902 secundum
1245 1863 1426 1902 adhiberi
1453 1865 1618 1912 coeptae

0 1941 15 1971 >J
55 1923 148 1961 sunt
172 1924 213 1961 et
242 1934 413 1973 quarum
437 1935 532 1961 usus
558 1922 679 1961 tertio
715 1923 872 1961 saeculo
905 1917 1082 1974 floreffl),
1113 1935 1186 1973 pro
1218 1934 1296 1961 acc.
1324 1934 1413 1961 cum
1445 1922 1515 1960 inf.
1540 1935 1620 1961 non

0 1979 18 2025 ζ’
55 1993 151 2020 usus
188 1983 250 2021 est
284 1994 412 2050 neque
449 1981 574 2033 igitur
610 1982 782 2021 fortasse
815 1984 993 2021 noverat.
1043 1981 1148 2021 Item
1183 1982 1465 2033 indicativum,
1501 1995 1620 2049 quem

0 2026 14 2083 Ξ
57 2039 324 2080 Tertullianus
348 2042 392 2080 in
414 2041 529 2080 libris
553 2041 772 2091 prioribus,
798 2042 867 2092 qui
892 2044 984 2080 ante
1011 2053 1045 2081 a.
1076 2043 1158 2081 202
1187 2041 1325 2091 scripti
1353 2043 1464 2091 sunt,
1491 2041 1619 2080 sexies

56 2098 178 2139 habet
207 2102 300 2168 post
330 2101 448 2149 quod,
479 2103 618 2140 contra
649 2101 943 2140 coniunctivum
977 2100 1171 2152 sedecies,
1202 2101 1468 2140 Terentianus
1495 2101 1619 2140 semel

0 2104 20 2211 Ξ
57 2159 224 2208 posuit
214 2173 255 2198 ιιι
278 2173 315 2199 v.
339 2161 450 2199 1628
478 2162 600 2211 atque
624 2161 887 2211 praecedente
912 2160 1146 2210 pronomine
1172 2160 1498 2199 demonstrativo.

0 2210 13 2262 ξι
173 2218 312 2269 Neque
348 2219 423 2258 hoc
453 2219 641 2259 iudicium
676 2232 723 2258 ea
753 2232 796 2258 1e
830 2219 1082 2269 infringitur,
1120 2220 1225 2269 quod
1264 2220 1389 2258 semel
1423 2223 1621 2268 tamquam

14 2306 15 2310 ,
57 2288 144 2316 cum
177 2278 427 2318 coniunctivo
457 2291 531 2329 pro
563 2291 642 2318 acc.
667 2291 698 2318 c.
725 2279 794 2317 inf.
820 2278 971 2328 posuit:
1012 2280 1122 2318 2651
1157 2281 1247 2317 sunt
1279 2280 1344 2327 qui
1376 2280 1620 2323 tradiderint,
1635 2329 1637 2331 Ι

7 2337 17 2342 ’
57 2336 194 2376 ultima
224 2339 352 2377 versui
385 2341 583 2387 tamquam
609 2341 850 2387 pentametro
884 2338 1036 2386 syllaba
1070 2339 1223 2386 dempta
1257 2340 1316 2377 sit.
1366 2338 1482 2376 Hanc
1516 2338 1622 2376 enim

56 2395 291 2444 particulam
321 2397 402 2436 iam
427 2397 519 2436 Tac.
557 2410 647 2436 ann.
671 2398 737 2448 14,
759 2398 826 2444 22,
849 2399 869 2435 1
905 2397 963 2435 ita
996 2397 1208 2464 usurpavit
1238 2393 1304 2446 (cf.
1338 2396 1519 2436 Schmalz
1557 2410 1618 2447 ap.

0 2434 19 2527 Ξ
57 2450 273 2495 Iw.M.112
293 2457 390 2505 505,
410 2454 436 2506 ξ
458 2451 574 2509 260),
599 2458 641 2495 et
660 2456 933 2495 Tertullianus
959 2456 1167 2506 quinquies
1188 2469 1298 2504 quasz
1319 2469 1408 2495 cum
1427 2457 1526 2496 coni.
1547 2469 1618 2506 pro

0 2527 17 2663 ξ
58 2524 135 2554 acc.
159 2526 191 2555 c.
215 2515 286 2554 inf.
310 2516 456 2566 posuit.

0 2721 16 2827 5

0 2828 14 2874 ξ

0 2859 15 2924 Ξ

0 2905 15 2991 Ξ

177 2604 212 2649 1)
237 2603 291 2639 cf.
316 2605 403 2650 May
406 2616 451 2640 en
476 2617 511 2651 p.
532 2609 575 2641 47
591 2617 645 2650 sq.
764 2606 799 2651 2)
825 2605 880 2641 Cf.
908 2605 1041 2651 Mayen
1066 2617 1102 2651 p.
1123 2609 1178 2643 55.

173 2651 211 2696 3)
236 2650 290 2687 Cf.
316 2651 421 2688 Ferd.
447 2651 577 2697 Maier,
603 2653 679 2687 ‘De
704 2651 824 2689 Anon.
844 2651 1056 2698 physiogn?
1079 2665 1113 2699 p.
1136 2657 1191 2690 17.

171 2698 209 2743 4)
232 2697 285 2734 cf.
312 2698 410 2735 Sittl.
437 2711 473 2745 p.
496 2702 574 2735 110.

11 2774 14 2775 ⁷
58 2789 82 2826 b
172 2745 518 2792 5)cf.A.Reite1-‚
555 2746 610 2782 De
636 2746 826 2782 Ammiani
851 2747 962 2783 Marc.
990 2759 1057 2782 usu
1090 2748 1269 2784 orationis
1302 2747 1499 2794 obliquae,
1530 2751 1619 2785 Am-

83 2801 149 2836 εις
173 2795 276 2829 1887.

176 2840 212 2884 6)
238 2839 290 2876 Cf.
317 2840 428 2884 Kalb,
454 2840 496 2877 R.
515 2841 548 2877 J.
575 2853 609 2887 p
631 2845 743 2886 29sq.

117 2893 122 2898 ⁴
173 2887 208 2931 7)
233 2887 286 2923 De
308 2887 538 2924 Tertulliano
564 2891 602 2923 et
620 2888 725 2934 Cypr.
753 2889 800 2924 cf.
822 2900 935 2935 snpra
960 2890 999 2925 in
1024 2890 1096 2925 hac
1123 2902 1179 2936 p.;
1205 2890 1277 2926 iam
1306 2892 1419 2926 antea
1439 2891 1620 2928 Scaevola

60 2930 167 2968 Ictus
194 2935 307 2970 semel
332 2937 420 2994 quia
443 2936 482 2971 in
508 2935 672 2971 dictione
699 2937 843 2982 vulgari
870 2941 1130 2983 usurpaverat3
1166 2939 1213 2974 cf.
1242 2939 1357 2984 Kalb,
1385 2939 1425 2974 R.
1446 2940 1478 2975 J.
1505 2951 1541 2985 p.
1562 2944 1618 2976 31.

0 3052 11 3075 ἲ

0 3090 19 3124 4

0 3008 31 3242 ‘5
