1942 3262
299 224 384 266 296
795 254 796 257 ,
951 217 995 254 A.
1019 218 1168 254 Werth:

300 337 419 383 fuisse
442 334 685 381 superiorem·
732 329 838 368 Nam
862 332 906 367 ut
934 329 1071 368 novelli
1094 332 1229 377 poetae
1253 342 1413 377 quorum
1435 332 1587 379 saepius
1609 333 1829 371 mentionem

299 394 386 440 fecit
411 393 462 431 ad
486 392 552 430 hoc
576 393 722 437 tempus
746 390 830 426 iure
854 388 1083 436 referuntur,
1114 389 1170 426 ita
1193 399 1310 435 neque
1336 400 1456 437 yenus
1479 389 1626 428 dicendi
1655 401 1727 437 quo
1749 391 1830 438 ipse
1903 389 1927 429 ’τ

299 463 393 489 usus
417 453 469 489 est
488 450 739 495 untioniorem
759 449 919 485 aetatem
937 446 1100 485 admittit
1118 449 1151 484 et
1169 448 1334 485 varietas
1350 450 1555 486 metrorum
1573 449 1651 486 mm
1667 458 1831 487 maxime
1902 498 1907 503 „

293 510 459 557 probata
484 508 559 555 fuit
568 502 610 558 ¹).

419 566 594 612 Quorum
625 577 671 602 ex
707 562 904 601 sententia
928 575 1016 601 cum
1041 562 1214 611 vulgaris
1240 562 1370 612 opinio
1395 564 1482 602 orta.
1506 564 1611 602 esset
1634 563 1832 604 Terentia·

300 638 394 664 num
433 623 634 672 scripsisse
670 621 789 660 tertio
823 620 979 659 saeculo
1017 623 1200 667 exeunte,
1239 620 1388 670 primus
1429 641 1479 648 —
1519 621 1553 660 si
1588 621 1831 672 neglegimus
1902 616 1923 667 ᾗ

303 683 513 721 Studerum
522 675 557 733 2)
583 701 638 707 -
665 679 914 718 adversarius
946 678 990 717 G.
1017 672 1218 732 Schultz-¹³)
1244 678 1407 718 exstitit.
1454 679 1587 729 Atque
1611 691 1699 718 cum
1722 691 1833 730 prae-

305 742 417 790 cipue
442 741 542 777 hanc
572 739 699 788 ipsam
725 741 931 787 poetarum
955 736 1198 776 novellorum
1226 738 1630 776 commemorationem
1654 738 1695 776 in
1719 749 1833 777 usum
1894 734 1926 784 [23

303 812 417 837 suum
443 797 692 846 converterit,
719 796 768 835 de
791 796 864 834 hoc
891 794 1060 835 virorum
1087 794 1289 834 doctorum
1314 795 1492 834 dissensu
1516 796 1591 834 iam
1616 795 1832 836 accuratius
1897 791 1926 839 ,ᾗ

305 858 498 906 agendum
527 858 597 894 est.

419 914 524 953 Illud
549 913 673 962 igitur
697 913 866 952 novellus
889 912 951 951 his
977 911 1072 951 locis
1097 911 1261 962 legitur:

427 985 537 1023 1973
565 995 647 1034 sqq.
684 994 792 1021 nemo
817 986 942 1021 tamen
966 983 1102 1030 culpet,
1132 983 1167 1020 si
1190 993 1295 1020 sumo
1320 982 1488 1029 exempla
1510 982 1674 1026 novella,

671 1053 763 1080 nam
787 1044 821 1079 et
843 1041 977 1079 melius
1000 1042 1121 1079 nostri
1145 1043 1346 1079 servarunt
1368 1042 1491 1079 metra
1513 1041 1696 1078 minores:

525 1101 635 1139 1975
673 1099 890 1150 Septimius,
914 1100 1038 1138 docuit
1061 1111 1133 1147 qao
1157 1100 1264 1137 ruris
1287 1099 1469 1146 opuscula
1493 1098 1599 1148 libro,

673 1159 740 1196 hoc
760 1169 895 1206 yenere
919 1158 1071 1196 assidue
1095 1158 1237 1195 cecinit.

423 1229 537 1267 2240
562 1239 644 1278 sqq.
682 1255 692 1265 .
707 1258 715 1266 .
730 1257 763 1266 ..
781 1239 874 1266 nam
897 1227 979 1275 fere
1003 1225 1165 1265 Graecis
1189 1229 1300 1265 tenax

676 1298 773 1324 cura
798 1288 851 1324 est
874 1286 993 1324 iambi
1016 1285 1074 1323 vel
1097 1285 1254 1323 novellis
1277 1285 1427 1324 comicis

675 1342 732 1382 -v'el
756 1346 821 1392 qui
844 1345 886 1382 in
910 1346 1056 1382 vetusta
1073 1343 1297 1391 praecluent
1321 1343 1518 1382 comoedia.

421 1415 533 1453 2528
560 1427 642 1464 sqq.
678 1415 806 1452 videro
836 1414 871 1452 si
895 1413 1032 1452 novelli

675 1483 808 1511 versus
833 1473 903 1510 erit
918 1473 1054 1520 poetae

528 1532 642 1569 2530
679 1532 736 1570 lece
760 1533 886 1569 tamen
908 1541 989 1568 una
1011 1531 1122 1568 metri
1147 1532 1218 1568 est.-

678 1591 854 1627 tinctus
883 1589 1034 1627 colore
1061 1581 1270 1640 noctis‚⁴)

678 1648 852 1686 dabunt
874 1647 1044 1685 malum
1067 1646 1250 1684 Metelli
1273 1666 1330 1671 —-

677 1706 907 1744 Inachiae
929 1705 1121 1753 puellae

677 1775 757 1802 seu
787 1764 914 1802 bovis
943 1763 1026 1802 ille
1056 1765 1220 1802 custos.

427 1832 486 1871 Ac
510 1845 559 1871 ne
584 1833 678 1882 quid
703 1833 755 1871 ad
778 1845 862 1871 rem
886 1833 1002 1881 plane
1027 1831 1334 1882 cognoscendam
1360 1832 1472 1881 desit,
1497 1832 1668 1882 reliquos
1693 1844 1841 1883 versus,

310 1904 357 1930 ex
382 1891 525 1940 quibus
551 1893 699 1940 quanto
718 1891 906 1930 novitatis
926 1890 1057 1929 studio
1078 1889 1302 1928 Terentiani
1326 1891 1511 1939 aequales
1530 1890 1675 1929 incensi
1695 1890 1841 1929 fuerint

310 1950 484 1998 appa-ret,
509 1949 588 1987 iam
614 1949 676 1987 hic
699 1948 842 1987 addere
867 1948 1000 1987 liceat:

431 2020 542 2058 1992
569 2031 651 2068 sqq.
681 2030 774 2058 nam
797 2019 907 2067 lyrici
931 2019 1098 2066 quotiens
1121 2029 1194 2057 sua
1217 2018 1348 2056 volunt

683 2078 857 2116 carmina
874 2087 948 2125 per
971 2077 1101 2115 varios
1125 2076 1219 2115 dare
1242 2087 1364 2120 sonos,

675 2136 858 2184 pluribus
880 2135 950 2174 illa
972 2135 1094 2173 modis
1117 2136 1174 2172 ita
1196 2137 1348 2173 novant.

427 2205 538 2244 2398
564 2217 647 2255 sqq.
679 2205 860 2244 claudwm
883 2206 1095 2244 trimetrwm
1117 2205 1206 2252 feeit
1229 2205 1340 2243 aliter
1364 2204 1575 2253 Hipponax
1598 2225 1656 2231 —

685 2263 738 2306 ad
760 2263 860 2302 hunc
883 2263 1036 2302 modum
1060 2274 1132 2311 quo
1157 2263 1374 2302 claudicant
1397 2266 1431 2301 et
1453 2263 1493 2302 hi
1515 2274 1646 2302 versus

535 2392 645 2431 2403
682 2392 846 2431 novitate
873 2391 1016 2430 ductus.
1920 2419 1923 2422 ¹

390 2513 393 2516 .
426 2472 575 2518 Quibus
607 2485 653 2511 ex
684 2473 780 2512 locis
801 2472 958 2512 Schultz
983 2473 1078 2512 haec
1103 2472 1187 2512 fere
1212 2472 1381 2523 colligit:
1412 2472 1453 2511 in
1477 2485 1512 2511 v.
1535 2473 1644 2512 2241
1669 2468 1843 2526 (novellis

310 2526 477 2584 comicis)
514 2531 582 2569 illo
618 2532 787 2571 novellus
818 2532 929 2581 quasi
968 2533 1074 2570 certo
1112 2531 1211 2571 artis
1246 2530 1437 2570 vocabulo
1470 2530 1750 2570 Terentianum
1780 2529 1842 2570 uti
1921 2511 1937 2554 ¹*-

427 2678 462 2722 1)
486 2678 545 2712 An
576 2677 736 2714 secundo
767 2677 913 2714 saeculo
947 2688 1020 2714 non
1043 2676 1136 2713 fuit?
1174 2677 1228 2714 cf.
1252 2677 1362 2723 Apul.
1387 2676 1464 2713 flor.
1491 2679 1523 2720 9,
1542 2678 1605 2712 δῖε
1628 2676 1746 2719 fateor
1767 2686 1843 2712 uoto
1907 2700 1937 2724 ‘.

311 2723 496 2760 chartario
520 2724 658 2760 calamo
684 2734 738 2760 me
760 2725 901 2767 reficere
930 2728 1095 2768 poemata
1125 2725 1332 2777 omniqenus
1361 2726 1451 2769 apta
1474 2723 1598 2770 virgae
1621 2722 1721 2768 lyrae
1743 2733 1842 2759 „0000
1913 2726 1930 2775 Ἀ

310 2771 504 2806 cothurno.
555 2770 741 2815 ‚omnino
766 2771 812 2806 cf.
838 2770 989 2816 Teuffel,
1014 2771 1118 2806 Rom.
1145 2770 1252 2806 Litw
1276 2774 1296 2813 Β
1315 2774 1395 2807 363.

428 2820 464 2861 2)
489 2816 580 2852 Mus.
606 2817 722 2853 Rhea.
747 2817 782 2852 11
807 2821 851 2851 65
877 2829 930 2862 sq.

428 2864 464 2907 3)
490 2863 612 2899 Herm.
639 2863 741 2898 XXII
765 2866 835 2899 275
860 2875 939 2910 sqq.

427 2911 464 2950 4)
491 2908 651 2945 Petronii
698 2921 841 2946 versum
888 2913 1000 2955 atque
1041 2909 1293 2955 insequentem
1338 2907 1502 2946 versibus
1536 2900 1674 2945 novelli
1708 2908 1842 2954 poetae
1896 2899 1919 2941 ’-

312 2953 550 2991 Terentianus
575 2955 740 3001 opponit.
