1878 3242
0 2417 13 2462 ⁴1*
0 2167 16 2398 W**'“WV“'³!W·'V!!›
10 2115 14 2117 .
2 2055 17 2090 ..¹¹
5 2012 21 2036 f·
1 1969 13 1994 .“
13 1775 16 1779 ,
13 1684 15 1687 ,
12 1649 14 1651 ,
11 1595 16 1607 ,,
15 1549 17 1552 Α
5 1506 8 1507 ¹

538 126 592 162 De
618 124 832 162 Terentiani
857 135 1028 162 sermone
1054 126 1092 161 et
1118 126 1252 162 aetate.
1589 124 1673 167 361

17 254 53 289 3
107 238 392 290 comparatur),
420 240 553 288 1630,
582 240 716 289 1635,
747 240 877 289 1650,
906 241 1044 290 1656,
1073 240 1205 287 1657,
1235 240 1366 287 1674,
1398 240 1532 287 1696,
1561 238 1672 279 1885

47 299 53 343 ’,
108 301 194 351 (nec
210 312 288 339 non
307 299 371 348 et),
389 301 502 339 1907
522 294 592 353 (cf.
605 313 642 349 p.
659 293 777 352 356),
799 300 925 349 2042,
947 300 1075 349 2355,
1096 300 1223 350 2381,
1245 300 1372 349 2383,
1395 301 1520 346 2399,
1543 300 1679 347 2421,

15 393 21 409 ,
41 368 50 406 j
108 361 221 400 2427
237 373 335 411 sqq.,
362 361 489 407 2458,
518 361 632 399 2610
652 353 740 413 (nec
757 371 835 398 non
854 362 888 398 et
906 359 1005 398 coni.
1023 359 1125 409 Mie.;
1152 359 1192 396 M
1212 362 1246 397 et
1264 353 1373 413 om),
1400 360 1528 410 2626,
1556 360 1669 398 2875

0 418 49 471 ξ
109 420 195 470 (nec
217 432 296 459 non
322 419 373 468 et)
399 419 448 458 al.
492 418 579 458 Hae
603 421 739 458 autem
763 430 904 458 vocum
930 419 1243 458 commutatione
1268 418 1359 458 inde
1386 431 1409 457 a
1436 418 1514 458 Cic.
1540 420 1669 469 magis

67 519 70 522 .
107 479 315 530 magisque
335 479 549 529 scriptores
569 479 882 529 delectabantur,
901 479 948 518 ef.
964 479 1110 530 Draeg.
1131 478 1173 517 H
1192 480 1249 518 30
1263 491 1320 529 sq.
1339 478 1408 518 Iw.
1423 478 1592 517 Mueller
1609 473 1669 517 Π2

106 553 143 590 p.
165 541 268 591 459,
300 537 326 589 ἓ
350 541 431 578 169
460 539 510 577 al.
568 538 671 577 Item
703 539 850 577 Fronto
883 538 932 579 ef.
958 538 1084 577 Ebert
1114 552 1151 589 p.
1174 539 1249 589 41,
1281 537 1434 578 Gellius
1466 538 1516 578 cf.
1544 537 1664 589 Gorg.

107 612 146 651 p.
166 600 241 650 22,
264 598 399 649 ApuL,
424 598 551 637 Anon.
577 598 789 649 physiogn.
817 598 864 637 ef.
890 598 934 637 F.
959 598 1086 637 Maier
1110 612 1147 648 p.
1172 599 1236 637 14.

225 658 284 698 De
307 670 442 696 rerum
469 658 768 697 enumeratione
793 671 829 698 v.
857 670 978 708 supra
1002 658 1045 696 in
1068 670 1105 698 v.
1134 661 1212 697 aut.

226 729 272 769 In
304 729 522 769 enuntiatis
554 730 752 780 negativis
785 731 1019 780 usurpatur:
1054 731 1138 769 248
1169 730 1227 768 nil
1257 741 1354 778 opus
1386 732 1440 769 est
1463 727 1502 768 Υ
1533 741 1674 769 sonare

107 794 142 830 et
169 789 291 840 Ζῆτα,
327 791 412 829 267
446 793 481 828 et
508 801 604 834 non,
641 791 725 828 373
758 791 912 828 interim
942 790 1071 828 vocale
1102 792 1136 828 et
1159 791 1288 838 ipsum
1314 820 1322 828 .
1350 820 1358 828 .
1386 820 1394 827 .
1418 801 1497 828 mm
1523 791 1672 834 tuendo,

34 860 43 900 ³3
110 851 192 891 387
219 862 297 889 non
320 851 451 889 min-us
469 861 635 898 namque
660 852 694 888 et
712 849 882 888 Latinas
901 861 1016 898 saepe
1034 852 1205 898 correpto
1223 861 1315 888 sono
1327 851 1559 897 promimus,
1587 850 1670 889 705

107 913 268 960 quartus
292 912 327 949 et
350 922 464 949 casus
480 911 612 958 priori
635 920 712 948 non
742 912 933 958 repuynat
962 910 1137 958 regulae,
1178 910 1263 948 760
1294 920 1363 948 nec
1386 912 1512 958 potest
1543 912 1578 948 et
1605 909 1674 948 hoc

3 983 6 984 ⁷
26 974 30 990 ἶ
105 970 260 1019 liquere,
286 970 372 1009 830
398 971 433 1008 et
448 970 564 1018 prior
587 980 666 1007 non
686 999 695 1007 .
716 999 724 1007 .
747 999 754 1007 .
775 970 1023 1013 terminatur,
1052 969 1164 1008 1293
1190 971 1336 1007 motans
1361 971 1396 1007 et
1418 972 1554 1007 neutro
1572 981 1672 1017 pon-

25 1023 30 1038 *
105 1030 193 1069 dere
217 1030 358 1074 sidens,
387 1029 499 1068 1518
527 1040 662 1068 versus
686 1031 813 1067 tamen
838 1031 872 1067 et
895 1040 973 1067 non
997 1029 1127 1067 minus
1151 1029 1240 1067 inde
1266 1031 1527 1077 comparatur,
1556 1030 1672 1068 1630

20 1122 34 1135 „
103 1089 171 1129 sed
192 1101 271 1128 non
295 1092 330 1128 et
352 1092 500 1128 sextum
516 1100 590 1137 pes
623 1089 684 1127 hic
707 1089 782 1127 sibi
813 1089 984 1127 vindicat
1006 1100 1210 1136 umquam,
1241 1089 1320 1127 nisi
1345 1089 1516 1136 quando,
1557 1090 1668 1127 1667

26 1184 27 1189 ,
104 1160 172 1189 nec
203 1144 297 1202 et1),
331 1149 444 1188 2458
479 1151 512 1187 et
541 1149 602 1186 hic
635 1149 822 1187 dimetrus
851 1160 928 1186 non
958 1149 1089 1186 minus
1118 1150 1163 1186 ut
1191 1148 1265 1186 ille.
1317 1147 1374 1186 Cf.
1403 1147 1584 1186 Sohmalz
1609 1161 1669 1197 ap.

24 1215 26 1217 ’
104 1208 173 1248 Iw.
199 1208 250 1247 M.
277 1208 319 1246 II
344 1207 370 1258 ξ
393 1209 494 1247 165:
546 1203 643 1246 eDie
673 1207 832 1257 Kopula
866 1208 940 1246 mit
974 1207 1183 1258 folgender
1215 1207 1419 1257 Negation
1450 1208 1504 1246 ist
1534 1207 1575 1245 in
1602 1208 1672 1246 der

105 1268 215 1308 alten
247 1267 420 1318 Sprache
451 1267 553 1306 noch
585 1266 732 1317 selten,
770 1267 891 1307 sehon
923 1267 1104 1319 hssufiger
1128 1266 1193 1305 bei
1226 1265 1387 1317 Cornifi,
1422 1266 1558 1306 Cicero
1591 1267 1672 1306 und

105 1327 257 1379 Livius,
282 1328 411 1366 selten
435 1327 501 1366 bei
521 1326 635 1366 Caes.
655 1340 693 1365 u,
715 1326 824 1378 Sall,
851 1326 1087 1366 wiederholt
1111 1326 1175 1365 bei
1195 1326 1283 1365 Val.
1303 1327 1419 1378 Max.,
1440 1326 1540 1366 Plin.
1567 1327 1671 1379 mai,

106 1387 280 1435 Sueton„
306 1387 452 1426 Petron
476 1400 516 1425 u.
536 1385 711 1437 Curtius,
738 1399 802 1425 am
827 1387 1136 1426 verbreitetsten
1162 1386 1225 1425 bei
1246 1386 1337 1425 Tac.
1365 1416 1375 1425 .
1402 1417 1410 1425 .
1438 1417 1446 1424 .
1490 1385 1604 1425 Aueh
1629 1387 1672 1425 in

106 1447 178 1486 der
214 1448 400 1497 spateren
431 1446 631 1485 Latinitsss
667 1446 869 1498 begegnet
901 1459 975 1485 uns
1007 1446 1115 1485 diese
1140 1445 1453 1496 Verknflpfung,
1485 1460 1515 1485 z.
1537 1446 1578 1485 Β.
1607 1446 1672 1485 bei

104 1506 181 1546 den
205 1506 338 1557 script.
366 1506 458 1546 hist.
485 1505 588 1556 Aug.
615 1501 743 1545 Laet?

222 1566 270 1605 In
295 1579 331 1605 v.
353 1567 407 1605 47
434 1578 505 1615 pro
532 1569 566 1604 et
589 1566 788 1615 particula
820 1565 1074 1606 adversativa
1106 1566 1377 1616 exspectatur,
1411 1565 1516 1617 quod
1548 1566 1670 1605 etiam

105 1638 167 1676 ap.
200 1625 334 1664 Plaut.
360 1625 447 1665 Ter.
481 1623 559 1664 Cio.
592 1623 703 1664 Caes.
728 1624 827 1675 Nep.
854 1625 939 1664 Liv.
967 1623 1077 1665 Curt.
1104 1624 1228 1674 Petr.,
1265 1625 1494 1675 saepissime
1534 1628 1670 1665 autem

51 1741 60 1750 ⁰
106 1686 210 1735 apud
238 1685 422 1724 Tacitum
448 1685 635 1735 oeeurrit3
661 1685 709 1724 cf.
738 1685 918 1723 Schmalz
943 1683 969 1734 ξ
997 1686 1093 1724 166.

223 1745 280 1784 Et
309 1748 437 1784 tamen
467 1745 766 1794 coniunguntur
799 1745 884 1784 754
917 1738 1012 1798 (ubi
1044 1744 1152 1783 Sant.
1179 1744 1422 1794 scriptorum
1452 1746 1560 1785 locos
1593 1747 1672 1786 001-

17 1806 31 1854 j.
103 1798 240 1858 legit),
268 1806 365 1856 791,
395 1804 507 1844 1518
535 1804 682 1851 (tamen
708 1807 742 1842 et
764 1816 843 1843 mm
866 1802 1024 1852 minus).

223 1863 305 1914 Que
329 1867 364 1903 et
383 1881 438 1895 =
459 1867 571 1912 atque
596 1865 710 1903 etiam
738 1865 850 1903 1078
871 1865 1110 1903 semisonans
1128 1865 1246 1903 istaes
1261 1866 1491 1914 pariterque
1509 1869 1544 1904 et
1560 1869 1670 1905 muta

104 1924 317 1969 cohaerens,
345 1925 461 1964 2910
485 1917 634 1977 nwmst)
657 1924 775 1962 reddo
796 1926 931 1972 partes
957 1954 965 1962 .
993 1955 1000 1963 .
1029 1955 1037 1964 .
1055 1925 1212 1972 priores
1229 1927 1460 1973 partemque
1484 1928 1519 1964 et
1542 1927 1668 1965 istam.

222 1984 303 2034 Que
328 1986 369 2023 et
394 1987 428 2023 et
459 1983 565 2023 inter
591 1995 633 2022 se
660 1983 903 2033 respondent
931 1984 1044 2022 1198
1071 1984 1223 2032 syllaba
1256 1985 1442 2033 fortisque
1467 1988 1502 2024 et
1525 1987 1669 2030 vivida,

105 2043 151 2083 cf.
166 2056 288 2094 supra
305 2056 341 2094 p.
358 2044 441 2083 356
463 2044 505 2082 et
522 2042 651 2082 Krebs
669 2043 711 2081 in
731 2056 766 2082 v.
783 2046 817 2081 et
834 2056 872 2092 p.
887 2044 992 2093 4743
1011 2043 1107 2081 item
1130 2046 1163 2081 et
1182 2045 1223 2082 et
1242 2056 1313 2091 que
1329 2045 1454 2094 2049,
1472 2046 1586 2084 2548
1599 2058 1669 2095 sq.,

104 2102 153 2142 ef.
178 2115 299 2154 supra
323 2116 359 2153 p.
382 2104 478 2143 357.

222 2161 284 2202 De
314 2175 389 2202 usu
420 2162 711 2213 particularum
742 2165 776 2201 et
806 2174 876 2210 que
901 2164 1013 2210 atque
1047 2161 1226 2201 conferas
1253 2162 1374 2201 velim
1401 2162 1582 2202 Schmalz
1606 2177 1668 2214 ap.

106 2220 174 2260 Iw.
200 2221 252 2261 M.
277 2221 319 2260 II
343 2220 369 2272 ξ
391 2223 492 2271 175;
519 2235 612 2261 nam
637 2234 739 2272 quae
765 2221 820 2260 ibi
846 2221 957 2272 dixit,
983 2221 1033 2259 ad
1060 2221 1344 2260 Terentianum
1370 2223 1517 2262 valent.

221 2276 388 2320 Etenim
425 2282 582 2330 vocula,
614 2294 716 2331 qnae
747 2280 855 2331 apud
889 2281 1041 2330 scriptt.
1075 2280 1166 2319 hist.
1201 2281 1305 2331 Aug.
1332 2282 1505 2331 primum
1536 2283 1668 2321 locum

104 2339 282 2380 obtinere
300 2335 461 2394 solet3),
474 2343 519 2379 ut
537 2341 618 2380 iam
637 2341 743 2390 apud
762 2340 914 2390 priores
934 2342 1118 2379 auctores
1139 2341 1310 2379 secundo
1330 2341 1415 2380 1000
1436 2343 1517 2380 stat
1543 2343 1668 2394 1082,

108 2400 232 2451 1089,
259 2401 390 2449 2249,
422 2412 468 2439 ac
500 2400 620 2439 tertio
651 2401 737 2439 1000
770 2412 849 2438 11011
881 2400 1011 2438 solum
1040 2401 1150 2438 1711
1187 2400 1229 2438 et
1256 2400 1368 2439 1772
1396 2400 1564 2450 legitur,
1597 2403 1667 2440 sed

105 2459 224 2499 etlam
254 2459 360 2511 apud
378 2459 476 2499 Hor.
496 2459 687 2510 aliosque,
713 2460 760 2498 ef.
782 2459 900 2498 Hand
912 2458 955 2497 II
972 2472 1010 2509 p.
1033 2460 1130 2510 544,
1149 2458 1296 2510 Draeg.
1314 2459 1356 2498 II
1374 2473 1411 2509 p.
1430 2462 1526 2509 171,
1546 2461 1667 2500 etiam

105 2518 284 2558 Schmalz
308 2532 370 2570 ap.
395 2518 464 2558 Iw.
489 2519 541 2557 M.
566 2519 607 2557 II
632 2517 658 2568 ξ
685 2520 782 2558 200.

223 2573 363 2617 Etiam
383 2590 500 2628 saepe
518 2578 729 2617 invenitui.
758 2578 1035 2627 Postponitur:
1058 2578 1155 2628 137,
1170 2578 1254 2616 214
1270 2579 1382 2627 (quin
1400 2579 1500 2618 hanc
1518 2547 1664 2628 etiam),

109 2637 234 2686 1007,
263 2639 388 2687 1236,
417 2638 542 2684 1241,
572 2638 696 2687 1279,
726 2637 852 2687 1651,
880 2637 993 2676 2043
1028 2637 1114 2686 (nec
1145 2640 1221 2677 tres
1251 2639 1380 2683 modo,
1414 2639 1480 2677 sed
1504 2641 1669 2688 quinque

107 2695 250 2745 etiam),
277 2698 405 2747 2110,
434 2698 542 2736 2661
579 2696 675 2745 (non
699 2727 709 2736 .
737 2727 744 2735 .
771 2727 781 2735 .
806 2726 834 2741 .‚
860 2708 993 2736 verum
1023 2699 1066 2735 in
1097 2699 1172 2736 tres
1204 2696 1348 2746 etiam).
1399 2697 1590 2748 Tempus,
1622 2701 1668 2738 ut

107 2755 167 2795 ita
197 2755 343 2808 dicam,
375 2755 573 2806 signifieat
606 2758 649 2794 ut
684 2755 884 2794 interdum
917 2756 1021 2806 apud
1046 2756 1177 2795 Plaut.
1204 2756 1290 2796 Ter.
1318 2755 1396 2796 Cic.
1424 2756 1520 2797 Sall.
1546 2758 1665 2808 Verg.

227 2883 261 2928 1)
287 2882 348 2918 Sic
369 2892 541 2964 propono
566 2892 633 2927 pro
658 2882 720 2917 sed
744 2885 786 2918 et.
933 2883 969 2927 2)
996 2880 1145 2918 Conicio
1171 2893 1270 2919 nunc
1294 2883 1354 2918 vel
1379 2894 1479 2927 cmm,-
1506 2884 1542 2919 M
1567 2895 1664 2921 nam.

226 2929 264 2976 3)
289 2928 343 2966 Cf.
400 2929 548 2974 sacher,
576 2928 681 2965 Subr.
709 2930 819 2965 scrut.
846 2941 882 2975 p.
904 2932 977 2966 625
1023 2936 1032 2946 ‘⁷
