1878 3242
500 150 554 186 De
580 148 794 186 Terentiani
819 159 987 187 sermone
1013 149 1053 184 et
1077 149 1213 186 aetate.
1549 146 1635 188 349

75 264 187 304 ribus
206 262 403 303 Antonini
420 262 502 314 Pii,
530 275 710 303 sermone
734 263 894 314 vulgari
919 274 1014 301 usus
1042 264 1121 312 est3
1152 261 1320 301 verbum
1340 262 1497 311 coyendi
1522 261 1634 312 quin-

76 324 188 374 quies
225 336 315 363 cum
353 323 422 362 inf.
449 318 608 377 habet),
641 324 759 362 datur
786 323 900 362 1780
938 317 1025 374 (hoc
1060 323 1155 362 mihi
1191 325 1271 361 tam
1304 323 1455 371 yrande
1493 333 1636 360 munus

74 384 213 423 habere
243 384 378 427 datur,
412 383 471 422 ita
504 395 593 422 cum
623 382 694 422 inf.
726 396 788 432 ap.
820 382 935 421 Lucr.
969 381 1089 432 Verg.
1123 382 1217 420 Hor.
1244 380 1317 422 Ov.
1344 381 1461 431 Prop.
1487 381 1634 420 Lucan.

77 443 185 482 Pers.
212 443 312 482 Plin.
341 456 401 492 ep.
427 442 540 481 Adde
565 442 663 482 Mar.
682 442 787 482 Vict.
812 456 849 492 p.
871 443 940 489 35,
962 442 1030 491 193
1060 443 1130 491 49,
1150 443 1223 492 323
1251 443 1319 493 97,
1342 443 1414 492 13;
1445 442 1540 489 105,
1562 442 1635 491 333

76 502 204 542 Rufin.
229 516 266 553 p.
289 503 461 553 562,17
503 500 570 552 [cf.
602 502 735 541 Hense
772 516 811 552 p.
833 497 949 554 114].
998 501 1102 540 Item
1143 504 1186 540 ut
1218 502 1346 540 valere
1382 500 1637 550 infinitivum,

75 563 206 611 facere
230 562 336 612 apud
362 562 602 612 posteriores
629 574 705 601 acc.
726 574 758 600 0.
777 561 847 600 inf.
872 561 991 613 regit,
1017 561 1075 600 ita
1099 562 1201 600 vires
1225 562 1319 600 dare
1342 573 1433 600 cum
1457 560 1525 599 inf.
1546 573 1636 599 con-

75 621 257 672 iungitur
284 622 418 660 1106:
444 623 547 661 dedit
569 623 671 660 vires
692 623 856 670 yeminis
881 633 1021 670 auyere
1046 621 1272 660 trochaeum.
1325 620 1519 660 Similiter
1541 621 1638 659 dare

75 681 181 731 apud
206 681 436 721 Vitruvium
460 681 529 719 inf.
555 681 676 731 regit,
708 681 756 720 cf.
781 681 917 720 Prann
941 694 979 731 p.
1002 676 1095 732 21),
1131 681 1227 720 dare
1251 682 1353 719 vires
1380 681 1492 720 1106
1526 673 1638 734 (vide

75 741 125 780 ad
158 741 325 780 verbum
357 736 632 795 antecedens),
668 742 826 780 memini
853 741 966 781 1985
1003 736 1153 791 (Plaut.
1180 740 1296 779 Lucr.
1322 740 1416 779 Hor.
1444 739 1561 790 Prop.
1588 739 1637 779 cf.

77 800 218 851 Georg.
241 813 270 840 s.
290 814 326 840 v.
346 800 368 839 I
387 797 443 852 θ),
468 812 599 839 moneo
628 801 742 840 1000
769 794 865 853 (Cic.
888 799 982 838 Sall.
1003 800 1136 851 Verg,
1160 800 1208 839 cf.
1227 799 1357 839 Krebs
1384 811 1414 839 S.
1434 796 1509 853 v.),
1533 801 1636 838 nitor

79 861 204 909 1018,
232 861 358 910 1338,
385 861 498 900 2542
538 855 663 911 (nitar
699 872 788 898 cum
826 859 896 898 inf.
927 872 1000 909 pro
1038 859 1209 909 simplici
1239 859 1378 898 futuro
1410 859 1636 898 adhibitum

76 919 294 959 modestiae
320 921 391 959 est.
441 918 499 958 Of.
516 919 645 958 Krebs
670 932 699 959 s.
721 933 775 959 v.:
808 915 904 958 ‘Die
928 918 1222 958 Konstruktion
1246 919 1319 957 mit
1345 919 1435 957 dem
1458 918 1637 958 Infinitiv

0 1000 2 1008 ι
77 979 201 1017 findet
226 980 309 1018 sich
334 979 444 1018 nicht
468 979 534 1018 bei
553 978 702 1026 Cicero,
727 979 824 1017 aber
850 979 909 1017 oft
932 978 998 1017 bei
1016 978 1221 1030 Dichtern,
1241 978 1282 1016 in
1302 978 1431 1017 Prosa
1454 991 1485 1016 z.
1505 978 1550 1017 B.
1571 978 1637 1017 bei

76 1037 187 1078 Caes.
213 1037 309 1078 Sall.
334 1038 456 1087 Vitr.‚
488 1039 548 1077 oft
579 1038 643 1077 bei
674 1033 779 1078 Liv.'
812 1034 932 1090 [adde
958 1038 1057 1087 Nep.
1086 1035 1209 1088 Tac.].
1259 1038 1415 1077 Ibidem
1446 1040 1638 1088 quattuor

0 1088 3 1149 ἶ
77 1097 379 1138 dissertationes
397 1098 666 1145 nominantur,
687 1097 832 1148 quibus
851 1097 928 1136 loci
947 1110 972 1136 a
990 1097 1194 1148 Draegero
1210 1096 1333 1150 (Hist.
1349 1097 1460 1147 Synt.
1475 1098 1516 1136 II
1531 1092 1637 1151 300)

76 1158 232 1197 collecti
251 1159 459 1208 augentur.
489 1157 642 1197 Gellius
660 1157 734 1196 hoc
752 1157 919 1197 verbum
940 1159 1004 1196 ter
1024 1170 1114 1196 cum
1132 1157 1201 1196 inf.
1216 1157 1431 1205 coniunxit,
1451 1157 1499 1196 cf.
1517 1157 1636 1207 Gorg.

76 1230 113 1268 p.
134 1214 228 1269 47),
253 1230 392 1257 rarum
416 1221 470 1256 est
495 1218 581 1257 500
608 1212 766 1269 (rarum
792 1220 862 1261 est,
887 1220 930 1255 ut
953 1219 1016 1255 ter
1042 1216 1175 1263 Quint.
1201 1216 1318 1265 dixit,
1345 1217 1514 1267 singulis
1538 1216 1636 1256 locis

78 1276 207 1326 Spart.
233 1278 275 1316 et
292 1271 483 1331 Vopisc.),
507 1278 608 1316 ratio
635 1280 689 1316 est
716 1278 840 1327 1008,
865 1277 976 1315 1524
996 1270 1161 1330 (Georg.
1186 1276 1305 1315 huius
1332 1276 1638 1316 constructionis

80 1336 240 1386 singula
265 1337 446 1386 exempla
471 1350 492 1375 e
519 1335 597 1375 Cic.
624 1338 665 1375 et
692 1336 782 1375 Tac.
809 1336 957 1386 adfert3
990 1335 1074 1375 001.
1099 1338 1256 1375 minime
1281 1339 1334 1375 est
1358 1338 1523 1376 rationis
1548 1350 1636 1375 cum

77 1396 148 1435 inf.
171 1390 406 1450 coniunxit),
431 1399 620 1445 receptum
646 1399 698 1435 est
724 1390 842 1447 (coni.
868 1395 1010 1444 Aldus,
1034 1398 1286 1444 praeceptum
1311 1399 1366 1435 est
1390 1396 1491 1434 falso
1517 1409 1638 1435 versu

77 1449 138 1508 M)
165 1456 297 1504 2257,
333 1468 450 1505 urqeo
478 1457 559 1496 195
600 1449 693 1509 (hoc
730 1455 896 1494 verbum
935 1467 1025 1494 cum
1056 1455 1126 1493 inf.
1157 1455 1253 1495 Hor.
1279 1468 1400 1495 carm.
1419 1455 1460 1494 H
1482 1457 1548 1506 18,
1570 1457 1638 1504 20,

78 1527 167 1554 cum
199 1527 276 1555 acc.
302 1516 342 1554 et
372 1515 442 1554 inf.
469 1515 560 1555 Tac.
588 1527 677 1554 ann.
697 1514 754 1553 XI
775 1516 842 1565 26,
873 1514 1075 1564 passivum
1102 1527 1192 1554 cum
1215 1515 1284 1554 inf.
1312 1515 1418 1554 Tert.
1446 1515 1493 1554 de
1519 1515 1637 1554 anim.

77 1575 134 1614 26
161 1575 461 1623 coniunxerunt,
488 1573 596 1624 [cum
614 1578 658 1613 ut
679 1574 790 1613 Asin.
810 1574 911 1614 Poll.
930 1575 972 1612 in
991 1573 1069 1614 Cic.
1092 1569 1202 1629 ep.]).
1236 1574 1345 1614 Haec
1370 1575 1497 1625 igitur
1516 1575 1639 1614 verba

80 1634 214 1674 omnia
237 1635 317 1673 iam
338 1634 444 1684 apud
468 1635 621 1685 priores
643 1635 856 1683 scriptores
875 1633 1118 1674 infinitivum
1138 1637 1334 1683 rexerant,
1355 1635 1639 1685 praeterquam

4 1686 12 1694 ⁴
79 1693 185 1743 quod
209 1694 282 1733 has
308 1694 515 1733 dictiones:
542 1695 637 1733 dare
660 1695 774 1738 vires,
793 1706 932 1732 rarwm
951 1697 1016 1738 est,
1041 1697 1232 1742 receptum
1252 1698 1306 1733 est
1329 1706 1528 1744 nusquam
1547 1707 1639 1733 cum

77 1751 274 1793 infinitivo
300 1754 511 1793 coniuncta
545 1753 679 1792 inveni
716 1747 842 1805 (apud
868 1753 1109 1792 Frontonem
1144 1754 1265 1792 etiam
1297 1754 1420 1793 verba
1450 1755 1640 1794 suadendi

70 1813 256 1861 poscendi
273 1814 500 1861 postulandi
529 1812 771 1852 infinitivum
802 1813 965 1863 regunt,
997 1813 1103 1863 apud
1131 1812 1307 1852 Gellium
1339 1814 1541 1853 consilium
1574 1817 1639 1859 est,

77 1873 141 1911 ius
165 1875 230 1916 est,
248 1875 420 1920 potestas
444 1866 528 1925 est).

196 1931 459 1971 Accusativus
485 1944 574 1971 cum
600 1931 796 1972 infinitivo
822 1931 987 1982 pendet:
1026 1945 1049 1970 a
1074 1932 1207 1973 verbis
1233 1934 1424 1982 deprendo
1453 1935 1534 1973 971
1575 1927 1640 1986 (ut

79 2003 140 2041 ap.
168 1989 300 2037 Quint.
327 1994 368 2030 et-
396 1991 491 2030 Min.
517 1986 639 2045 Pei),
672 1994 894 2040 promptum
922 1995 976 2031 est
1003 1994 1114 2032 1007
1142 1994 1184 2031 et
1212 1992 1335 2032 1760
1359 1986 1434 2047 (=
1461 1996 1639 2042 apertum

79 2053 153 2097 θεὴ·
189 2050 310 2090 etiam
347 2049 417 2091 Ov.
445 2051 593 2091 Lucan.
619 2050 718 2090 Stat.
747 2051 881 2096 Quint.
908 2051 998 2104 Tac.
1027 2051 1212 2091 Ambros.
1244 2052 1318 2091 hoc
1350 2052 1516 2091 verbum
1549 2065 1638 2091 cum

78 2108 147 2148 inf.
173 2110 475 2162 coniunxerunt,
499 2110 568 2149 sed
594 2109 674 2148 alia
699 2105 1021 2163 significatione),
1047 2124 1072 2149 a
1092 2123 1224 2150 recuso
1246 2113 1359 2151 1037
1381 2106 1493 2164 (quia
1511 2115 1641 2151 mutas

78 2169 135 2207 ita
159 2171 337 2219 coniunyi
360 2173 507 2209 natura
530 2173 703 2216 recusat‚·
737 2169 834 2208 item
859 2169 966 2219 apud
993 2169 1093 2208 Plin.
1120 2170 1212 2209 Mai.
1240 2171 1371 2209 XXIX
1394 2172 1446 2210 16
1481 2173 1522 2210 et
1547 2172 1638 2211 Tac.

79 2239 169 2267 ann.
193 2227 213 2266 I
240 2230 293 2268 79
320 2228 428 2269 infin.
454 2225 602 2282 regit),
634 2242 658 2268 a
682 2230 784 2278 facio
812 2231 914 2279 719,
947 2231 1080 2278 2073,
1114 2231 1248 2281 2078,
1281 2227 1477 2282 (Georges
1503 2231 1639 2269 Plauti

79 2286 194 2326 Varr.
220 2286 341 2338 Verg.
368 2287 450 2327 Col.
483 2289 662 2340 singulos
695 2289 820 2338 locos,
858 2288 971 2327 binos
1005 2287 1074 2328 Ov.
1108 2291 1148 2328 et
1181 2289 1334 2328 Pallad.
1368 2290 1509 2329 adfert.
1561 2289 1638 2329 Sed

80 2345 202 2384 etiam
223 2345 344 2386 Gaius
364 2347 423 2386 ita
441 2348 597 2387 locutus
625 2349 697 2398 est,
718 2347 816 2387 Gell.
838 2349 899 2386 ter
919 2345 985 2398 [cf.
1007 2347 1160 2399 Gorgos
1180 2362 1216 2398 p.
1240 2348 1328 2400 50],
1354 2348 1473 2399 Apul.
1495 2349 1639 2388 Minue.

78 2404 237 2445 Nemes.
264 2406 431 2457 singulis
456 2407 565 2455 locis,
591 2406 696 2445 idem
722 2406 763 2445 in
787 2407 907 2446 inser.
927 2406 1012 2446 CIL
1034 2407 1134 2445 VIII
1154 2409 1267 2448 2632
1295 2408 1400 2447 intra
1425 2421 1459 2447 a.
1489 2410 1569 2448 161
1600 2411 1641 2448 et

0 2489 1 2492 =
83 2464 166 2504 169
192 2477 230 2514 p.
257 2463 347 2505 Chr.
372 2478 410 2506 n.
435 2466 542 2505 facta
577 2466 800 2517 invenitur,
838 2468 925 2504 tum
955 2479 1049 2506 vero
1080 2467 1171 2505 inde
1204 2480 1228 2505 a.
1253 2467 1362 2506 Tert.
1390 2467 1507 2518 Cypr.
1534 2468 1641 2507 Itala.

81 2523 322 2574 saepissime,
341 2524 388 2563 cf.
403 2524 464 2564 W.
479 2525 526 2564 A.
540 2524 602 2563 111
617 2526 700 2565 180
715 2538 797 2576 sqq.
818 2527 859 2564 et
878 2525 973 2564 Sittl
992 2525 1032 2564 in
1053 2526 1168 2565 Burs.
1188 2539 1275 2565 ann.
1296 2527 1373 2566 vol.
1391 2528 1458 2577 68,
1472 2541 1509 2577 p.
1523 2525 1637 2578 258).

200 2582 454 2623 Constructio
480 2596 569 2623 cum
595 2584 839 2624 nominativo
866 2585 906 2624 et
930 2584 1126 2624 infinitivo
1160 2586 1311 2625 formae
1342 2587 1526 2637 passivae
1552 2600 1638 2626 ver-

80 2642 222 2681 borum
247 2643 445 2682 sentiendi
470 2645 511 2682 et
536 2643 784 2694 declarandi,
810 2655 912 2694 quae
938 2644 1058 2683 etiam
1085 2646 1191 2695 apud
1223 2645 1395 2696 optimos
1427 2647 1638 2696 scriptores

81 2713 159 2740 non
182 2702 241 2741 ita
265 2715 357 2741 rara
381 2704 443 2741 est
452 2697 498 2756 ¹),
518 2703 623 2752 apud
644 2702 927 2742 Terentianum
947 2703 1149 2743 invenitur
1168 2705 1229 2743 his
1249 2705 1363 2744 locis:
1389 2707 1404 2744 i
1428 2707 1640 2746 iudicanda

81 2763 136 2800 est
164 2761 307 2801 voca'lis
344 2774 423 2801 esse
460 2760 558 2814 (Cic.
583 2761 702 2812 Plin.,
741 2763 840 2801 adde
871 2765 953 2801 tres
979 2762 1082 2802 Vitr.
1109 2758 1256 2817 locos),
1297 2766 1410 2804 1172
1446 2765 1501 2814 ξϊ,
1539 2767 1640 2814 quod

201 2900 234 2981 It)
259 2898 312 2935 cf.
337 2898 501 2945 Draeger
526 2898 579 2934 11²
596 2901 665 2934 448
680 2911 780 2947 sqq.,
805 2898 870 2934 ubi
897 2900 1008 2935 verba
1033 2899 1182 2946 passiva
1218 2911 1263 2937 ea
1294 2901 1331 2937 vi
1356 2903 1526 2948 praedita
1552 2915 1639 2940 enu-

80 2954 206 2981 meran
224 2957 277 2982 ur.
