1878 3242
518 155 572 192 De
599 155 816 192 Terentiani
841 166 1009 192 sermone
1035 157 1074 192 et
1098 156 1234 193 aetate.
1566 154 1652 196 307

101 282 234 320 suum,
269 269 503 320 praesertim
543 281 632 308 cum
668 270 836 309 materia
874 268 1057 319 angustis
1095 268 1277 308 terminis
1315 267 1547 307 circumcisa
1590 266 1654 315 sit,

99 341 246 380 magna
279 328 558 368 vocabulorum
599 329 713 379 copia
743 328 921 367 adhiberi
952 330 1102 379 potest,
1135 330 1176 366 et
1206 328 1310 379 quod
1343 326 1498 366 dicendi
1528 339 1653 377 genus

97 391 333 439 argumento
357 390 496 438 aptum
529 389 648 439 esset,
673 388 823 427 humile
849 387 936 426 dico
963 389 1004 426 et
1028 389 1274 438 consuetum,
1300 387 1581 434 Terentianus,
1608 388 1656 423 ut

98 450 160 486 est
185 447 357 495 sobriuS‚
383 450 489 486 recte
515 447 719 498 cognovit,
744 447 848 498 quod
875 459 966 486 cum
998 446 1179 486 omnibus
1211 446 1393 486 versibus
1427 457 1550 495 supra
1583 445 1655 483 ad-

98 506 192 546 latis
218 510 304 545 tum
330 506 392 544 his
418 507 658 545 ostenditur:
1548 513 1551 521 “

318 589 403 628 284
433 590 575 628 intueri
599 601 665 628 vos
689 592 832 638 oportet
856 618 1149 629 .........

194 686 196 688 .
220 650 301 688 296
318 661 400 699 sqq.
431 649 548 687 verba
572 650 606 687 si
630 661 707 687 non
732 650 900 698 appetita
924 661 992 688 nec
1015 652 1160 688 remota
1177 649 1382 698 plurimis,

434 708 500 746 sed
523 707 604 755 fere
629 709 840 747 communis
863 720 959 747 usus
984 711 1018 746 et
1041 710 1168 747 tamen
1192 720 1269 747 non
1294 709 1406 747 obvia

433 768 618 806 carminis
642 771 797 806 servant
820 768 1009 806 honorem.

98 850 157 889 Ac
187 852 321 888 tamen
350 849 392 887 in
423 849 590 900 siugulis
622 851 740 889 rebus
774 850 1038 901 exprimendis
1071 849 1167 889 satis
1193 850 1348 889 varium
1380 862 1421 888 se
1456 848 1653 899 praebuit,

99 909 211 949 velut
235 911 281 948 ut
304 909 530 947 litterarum
556 909 627 947 aut
645 922 784 948 vocum
806 909 984 950 ordinem
1004 909 1256 960 describeret,
1277 909 1409 948 verbis
1429 908 1654 948 transitivis

99 971 140 1008 et
163 967 426 1007 intransitivis
454 980 547 1006 usus
574 970 635 1007 est
659 968 742 1007 his:

97 1045 372 1104 †accedere¹)
403 1047 517 1102 post:
553 1052 664 1091 1158
691 1052 834 1091 accedit
859 1053 987 1091 littera
1003 1054 1095 1100 post
1119 1052 1305 1101 dactylon.

97 1105 261 1150 addere.

97 1164 327 1208 adhaerere
369 1172 478 1210 1741
514 1183 585 1220 per
616 1183 658 1209 se
690 1171 881 1223 positum,
921 1172 1004 1210 786
1038 1184 1125 1209 cum
1159 1170 1294 1210 dativo
1330 1170 1579 1209 coniunctum
1613 1172 1655 1208 ut

157 1229 390 1279 plerumque
415 1230 520 1279 apud
545 1233 683 1279 poetas
709 1232 828 1280 atque
853 1233 945 1280 post
971 1230 1172 1269 Christum
1199 1230 1318 1268 etiam
1345 1230 1385 1268 in
1410 1241 1541 1280 prosa.

97 1283 326 1338 †adiaeere
353 1289 518 1328 verbum
542 1289 671 1338 ipsum
698 1290 892 1328 usitatum
920 1292 992 1340 est,
1013 1289 1081 1328 sed
1104 1290 1216 1328 1035
1237 1292 1278 1328 et
1300 1291 1413 1328 1320
1438 1289 1656 1327 insolenter

157 1360 181 1386 a
205 1347 442 1386 Terentiano
469 1348 518 1386 ad
545 1348 722 1387 ordinem
748 1349 975 1388 litterarum
1001 1347 1293 1399 designandum
1319 1348 1571 1388 translatum.

98 1401 342 1456 adiungere.
1387 1416 1391 1426 ¹

97 1460 330 1505 adnectere.

97 1519 317 1575 adponere.

100 1581 353 1635 anteponere
398 1586 495 1630 217,
523 1586 622 1635 575,
656 1587 739 1625 678
779 1587 824 1624 ut
861 1598 921 1636 ap.
958 1587 1050 1626 Tac.
1088 1588 1128 1625 et
1166 1585 1300 1632 Quint.
1336 1586 1497 1636 proprio
1535 1598 1656 1625 sensu

158 1643 276 1682 locali
300 1645 536 1694 usurpatum
563 1648 634 1683 est.

98 1699 248 1753 aptare
274 1703 328 1742 89
355 1714 520 1742 consona
538 1705 731 1744 vocalibus
750 1708 897 1753 aptare,
926 1707 1037 1744 1576
1063 1708 1200 1753 aptare
1218 1705 1365 1744 duobus
1384 1706 1654 1754 (temporibus)

156 1763 257 1809 tria;
287 1761 471 1801 similiter
496 1763 568 1802 hoc
594 1764 758 1802 verbum
784 1767 876 1814 post
899 1767 1037 1814 poetas
1062 1764 1150 1803 aevi
1176 1764 1377 1814 Augustei
1406 1764 1653 1814 posteriores

159 1821 370 1871 scriptores
397 1822 554 1871 saepius
579 1822 779 1862 adhibent.

99 1874 294 1977 clessdere
322 1881 434 1920 2618
462 1882 606 1920 claudit
630 1882 743 1931 lonqa
768 1883 915 1922 brevem
941 1883 1103 1922 alteram
1132 1881 1157 1922 i.
1178 1895 1211 1921 e.
1235 1882 1428 1932 sequitur.

99 1945 147 1978 00
190 1947 224 1978 θ.

99 1993 334 2038 cohaerere.

99 2053 294 2097 comitari
327 2058 439 2097 1087
458 2060 596 2108 pedem
614 2061 789 2108 primum
812 2061 890 2099 nisi
907 2072 980 2109 pes
1005 2061 1247 2100 comitabitur
1273 2062 1380 2100 alte-r.

99 2124 339 2167 comparare
371 2119 484 2157 2966
511 2120 680 2157 trimetro
705 2121 865 2168 epodum
890 2124 1097 2168 comparat.

100 2171 346 2226 compellere
376 2173 498 2226 sequi
543 2179 626 2216 888
661 2177 835 2217 Graccus
867 2180 1054 2227 compellit
1086 2179 1193 2217 illam
1225 2178 1413 2226 (litteram
1446 2179 1490 2227 μ)
1525 2177 1655 2218 δέλτα

157 2236 270 2283 sequi.
320 2235 379 2274 De
402 2236 477 2275 hoc
502 2236 622 2275 verbo
655 2250 744 2275 cum
775 2237 882 2276 infin.
909 2238 1116 2276 coniuncto
1143 2251 1177 2277 v.
1202 2237 1323 2285 infra,
1354 2237 1422 2277 ubi
1454 2238 1501 2276 de
1528 2239 1655 2277 modis

159 2293 234 2344 egi.
265 2293 501 2345 Maecianus,
520 2295 588 2344 qui
601 2296 678 2334 fuit
691 2297 937 2346 temporibus
950 2296 1143 2335 Antonini
1156 2296 1217 2334 Pii
1231 2300 1272 2335 et
1293 2309 1474 2335 sermone
1495 2297 1654 2348 vulgari

157 2363 253 2392 usus
288 2355 366 2401 est,
402 2354 474 2393 hoc
499 2353 665 2393 verbum
698 2355 899 2404 undecies,
935 2356 1100 2396 verbum
1135 2357 1290 2405 coycmti
1322 2356 1533 2406 quinquies
1566 2368 1655 2395 cum

158 2409 227 2450 inf.
252 2411 382 2451 habet.

100 2466 329 2510 conectere.

101 2525 367 2580 coniungere.

98 2584 296 2638 consequi
329 2590 748 2641 762‚1555,1639,
779 2593 907 2642 1903,
941 2593 1054 2631 2842
1093 2593 1223 2631 minus
1258 2592 1357 2631 bene
1389 2593 1440 2630 ad
1471 2559 1647 2631 ordinem

157 2646 443 2699 designandum
470 2661 541 2698 pro
567 2649 733 2699 simplici
761 2651 880 2689 verbo
900 2653 1078 2698 sequendi·
1098 2651 1323 2702 adhibetur,
1353 2651 1401 2690 cf.
1422 2650 1550 2690 Krebs
1570 2663 1599 2691 s.
1612 2665 1647 2691 v.

99 2702 312 2746 continere
334 2709 444 2747 1215
472 2708 615 2747 vocalis
638 2709 673 2747 si
697 2709 817 2747 udam
848 2711 1035 2748 contineat
1067 2710 1091 2749 i.
1112 2723 1144 2749 e.
1171 2711 1391 2749 subiectam
1419 2710 1563 2749 habeat
1590 2711 1652 2750 vel

116 2795 118 2798 ,
159 2765 193 2804 ei
218 2766 392 2806 vocalem
418 2778 637 2806 consonans
663 2767 815 2818 liquida
840 2771 1043 2818 sequatur.

100 2843 378 2851 —vw-Q.r.

217 2891 254 2935 1)
279 2889 380 2933 Quae
405 2891 607 2927 insolenter
631 2902 653 2927 a
677 2890 898 2928 Terentiano
925 2894 1158 2939 usurpantur,
1191 2894 1249 2930 his
1274 2894 1313 2930 in
1340 2893 1489 2941 paginis
1522 2894 1652 2931 addito

101 2936 218 2972 erucis
243 2938 348 2983 signo
373 2939 510 2983 notavi,
535 2950 631 2983 quae
657 2939 703 2975 ab
729 2951 773 2975 eo
799 2940 889 2983 solo,
915 2940 1021 2986 signo
1047 2941 1203 2976 duarum
1230 2941 1406 2978 crucium.

167 2994 547 3030 embrimrmmli
586 3004 903 3037 5ιι.ρριπι.ΧΧῐῐῐ.
1326 3004 1367 3036 21
