1878 3242
272 195 358 238 370
934 198 976 234 A.
996 197 1143 234 Werthae

388 302 554 356 Raptim
581 307 676 355 258,
703 308 798 355 479,
822 308 945 347 1383.
983 307 1108 357 Lacr„
1133 307 1211 347 Cic.
1230 307 1340 356 (haec
1357 310 1492 356 scripsi
1508 310 1680 358 raptim),
1706 310 1802 360 Liv„

269 365 388 415 Curt.‚
408 365 510 414 Tac„
530 365 633 414 Epit.
655 365 766 403 Livii.

385 419 514 462 Retro
537 425 647 462 1069
667 425 866 471 sufficiant
883 428 982 463 retro
1002 423 1075 471 (=
1094 425 1300 473 retrorsus)
1319 427 1430 469 vires,
1459 427 1567 465 1079
1589 430 1798 475 correptam

269 485 366 519 retro
390 485 576 529 nequeant
600 476 707 534 (scil.
731 481 983 532 insequentes
1009 478 1224 535 consonae)
1257 495 1394 532 auyere
1417 484 1596 528 trochaei,
1625 486 1734 524 1416
1762 487 1804 524 ut

268 541 406 586 pedum
429 543 572 578 natura
589 543 718 588 poscet
742 543 830 579 aute
854 541 911 579 vel
934 545 1034 580 retro
1053 543 1209 586 brevem,
1238 543 1348 580 1422
1369 543 1426 580 vel
1444 543 1526 581 licet
1544 546 1670 582 vertas
1689 546 1801 587 retro,

272 600 382 636 2347
409 600 554 636 iambos
573 627 582 636 .
603 628 610 636 .
633 629 640 637 .
662 626 689 642 .,
715 610 806 646 quos
830 601 872 638 in
890 600 1080 638 trochaeos
1097 603 1196 639 retro
1215 602 1324 639 vertit
1342 601 1509 639 creticus.
1553 601 1599 638 In
1619 600 1680 639 bis
1702 601 1799 639 nihil

270 659 331 694 est
355 656 542 704 insolens,
570 657 620 694 cf.
639 657 774 695 lexica.

385 710 630 753 Retrorsum
649 709 900 768 (retrorsus)
924 718 1022 755 197:
1044 729 1071 765 y
1082 728 1202 764 porro
1220 720 1428 756 retrorsum
1446 718 1537 763 coit;
1565 719 1644 756 131
1665 721 1802 756 retror-

269 786 334 812 sus
364 775 541 812 adactam
569 775 711 812 modice
741 777 856 813 teneto
887 776 1076 823 linquam,
1109 775 1191 813 246
1225 770 1265 828 (c
1289 777 1329 814 et
1351 770 1390 828 s)
1414 778 1602 814 retrorsus
1625 776 1803 815 adactam

268 833 432 871 solidant
454 836 705 880 premuntque
734 844 859 871 vocem
866 846 876 877 ;
909 834 992 872 604
1022 845 1090 872 uec
1118 845 1224 872 semes
1248 837 1401 882 partem
1424 837 1612 873 retrorsus
1634 846 1662 873 u
1685 835 1801 878 dabit,

270 903 354 928 eum
378 902 543 929 consona
569 894 630 929 est.
678 890 741 929 Ita
766 891 860 932 Hor.
879 894 919 930 et
943 891 1041 930 Plin.
1066 893 1186 931 verbo
1213 893 1274 930 usi
1299 894 1400 931 sunt.

383 945 563 987 Rutsum
588 951 629 987 et
652 956 800 987 rursus
825 962 941 988 sensu
965 951 1112 989 usitato
1137 950 1384 1002 adhibentur,
1409 962 1566 989 rursum
1587 952 1681 1001 184,
1705 952 1801 1001 673,

271 1009 379 1046 2227
408 1004 520 1058 (ante
538 1002 658 1118 γοαζς
682 1020 819 1047 rursus
844 1010 928 1048 574
954 1004 1066 1061 (ante
1091 1003 1205 1061 voc.),
1235 1009 1356 1059 1356,
1385 1010 1508 1059 1491,
1530 1011 1654 1058 2010,
1676 1010 1800 1058 2143,

272 1067 381 1105 2239
410 1060 519 1118 (ante
544 1077 627 1106 voc.
650 1097 658 1104 .
1189 1107 1192 1110 Δ

384 1120 490 1162 Sane
516 1126 610 1172 281,
638 1125 734 1175 324,
760 1126 1008 1176 938,1015,
1037 1126 1161 1175 1348,
1189 1127 1313 1165 1990.

383 1179 475 1228 Sat,
510 1195 611 1233 quae
648 1183 776 1222 forma
811 1196 1026 1233 numquam
1059 1186 1263 1233 poetarum
1294 1184 1344 1222 ab
1375 1195 1450 1222 usu
1481 1183 1609 1222 aliena
1633 1186 1719 1222 erat
1743 1186 1797 1222 at-

266 1253 339 1290 que
367 1242 486 1279 etiam
511 1254 571 1290 ap.
598 1241 674 1280 Cic.
699 1242 783 1280 Liv.
811 1241 942 1287 Quint.
967 1241 1128 1292 legitur,
1163 1243 1318 1291 saepius
1344 1254 1461 1291 quam
1485 1244 1579 1280 satis
1602 1242 1801 1281 invenitur

265 1302 383 1349 atque
417 1299 596 1347 legitima
629 1301 690 1338 est
714 1300 950 1338 Terentiano
984 1301 1076 1338 ante
1105 1300 1285 1349 copulam
1315 1300 1463 1349 posita,
1497 1300 1546 1339 cf.
1568 1301 1667 1349 132,
1703 1301 1798 1347 953,

269 1359 390 1405 1252,
420 1358 543 1408 1628,
570 1359 695 1406 1808,
723 1359 847 1406 1977,
875 1359 1004 1408 2679;
1030 1371 1118 1396 cum
1142 1358 1231 1397 aliis
1257 1358 1388 1397 verbis
1413 1358 1681 1408 coniungitur:
1715 1359 1797 1398 278

266 1420 326 1454 sat
350 1417 444 1454 (luco
468 1428 573 1454 meas
596 1417 775 1455 hacteuus
800 1428 1000 1464 occupasse
1023 1428 1158 1465 naqa&
1185 1418 1226 1455 et
1253 1418 1362 1455 1403
1389 1420 1449 1455 sat
1473 1417 1586 1456 audis
1613 1415 1671 1465 [et
1695 1417 1737 1454 in
1761 1430 1794 1456 v.

266 1475 478 1523 depravato
508 1475 588 1513 128
620 1486 701 1513 wna
730 1476 909 1522 quoniam
937 1478 998 1514 sat
1020 1475 1191 1514 habitum
1215 1478 1269 1514 est
1290 1478 1422 1514 notare
1445 1477 1593 1523 forma.
1614 1503 1623 1513 .
1645 1506 1654 1513 .
1672 1478 1733 1513 sat
1759 1475 1797 1512 M

266 1533 438 1583 praebet,
465 1533 531 1570 sed
557 1545 645 1570 eum
671 1533 931 1571 Terentianus
956 1534 1039 1583 ipse
1063 1546 1099 1572 v.
1122 1535 1206 1572 790
1230 1535 1321 1572 ante
1345 1545 1554 1572 consonam
1579 1536 1620 1571 et
1641 1533 1666 1571 h
1691 1532 1798 1571 litte-

265 1603 349 1629 ram
370 1591 563 1641 syllabam
582 1603 659 1630 non
671 1591 834 1640 produci
847 1592 994 1640 doceat,
1014 1593 1250 1641 posteriores
1262 1604 1419 1631 versum
1431 1590 1799 1642 pessumdederunt3

265 1650 398 1699 itaque
429 1652 523 1688 satis
554 1649 650 1688 coni.
686 1649 807 1700 Sant„
840 1651 904 1698 fas
933 1650 1091 1688 Lachm.
1117 1650 1289 1700 scripsit,
1325 1650 1393 1688 sed
1424 1661 1615 1700 nusquam
1648 1650 1713 1698 fas
1744 1649 1799 1688 sic

266 1710 492 1756 usurpatur,
518 1711 623 1746 certe
648 1710 710 1746 ius
734 1706 1045 1758 praeponerem}

378 1766 482 1805 Satis
509 1767 621 1805 1290
646 1768 687 1805 in
705 1769 824 1806 vestro
843 1768 937 1806 satis
955 1770 1008 1805 est
1028 1768 1199 1806 examine
1218 1770 1381 1811 cautum,
1411 1767 1520 1806 1357
1543 1767 1638 1805 satis
1655 1766 1795 1805 habebo

264 1826 460 1872 altiuqere,
506 1826 616 1863 1645
658 1837 750 1863 nam
782 1836 848 1863 sea:
878 1826 995 1873 pedes
1027 1827 1147 1864 inesse
1178 1837 1255 1865 non
1291 1827 1361 1864 erit
1395 1827 1506 1869 satis,
1557 1825 1668 1864 2057
1703 1826 1798 1863 satis

255 1884 431 1931 probavi.

382 1935 571 1989 [Scilicet
597 1941 681 1979 860
707 1941 863 1979 Lachm.
889 1939 1084 1990 inseruit]

381 1994 505 2036 Sonus
532 1999 614 2036 604
642 2000 682 2036 et
707 2000 789 2038 883
815 2010 882 2037 nec
905 2010 1026 2043 secus,
1055 1999 1164 2037 1323
1190 2011 1266 2037 non
1290 2010 1396 2038 secus
1420 2011 1534 2047 quam
1557 2001 1602 2038 si.

380 2052 458 2094 Sed
482 2069 556 2094 non
585 2059 714 2105 1169,
739 2058 804 2095 sed
825 2069 901 2095 reon
926 2060 957 2095 et
986 2057 1109 2104 1630,
1134 2058 1200 2095 sed
1223 2060 1349 2095 tamen
1377 2058 1486 2096 1279
1513 2060 1553 2096 et
1578 2058 1702 2103 2132.

382 2111 513 2153 Semel
539 2115 620 2153 802
643 2115 675 2164 Q
693 2127 831 2154 vacare
846 2127 1010 2163 prorsus
1027 2116 1130 2153 omni
1147 2116 1353 2154 diceremus
1371 2116 1532 2163 syllaba,
1553 2115 1587 2154 0
1600 2116 1700 2164 quod
1717 2118 1798 2155 cius

263 2175 453 2211 invenitur
478 2185 591 2221 posse
623 2174 734 2212 subdi
759 2185 835 2222 pro
868 2185 975 2217 sono,
1013 2185 1124 2212 casus
1147 2186 1248 2212 unus
1271 2175 1312 2212 m‘
1337 2175 1521 2222 probaret
1544 2175 1681 2213 rectius
1703 2176 1801 2223 pom'
1850 2192 1853 2193 ⁷

264 2233 387 2275 semel,
411 2232 599 2279 syllabam
623 2233 760 2270 iunctis
784 2233 933 2271 duabus
951 2243 1036 2270 cum
1058 2233 1152 2279 facit
1170 2232 1371 2270 vocalibus.
1416 2231 1473 2271 Cf.
1494 2231 1623 2271 Krebs
1642 2232 1682 2270 in
1701 2232 1739 2271 h.
1759 2245 1796 2272 v.

265 2287 410 2334 ‘ScmeL
437 2291 576 2328 cinmal
599 2289 784 2329 bedentet
809 2291 908 2328 auch
927 2290 1066 2328 eiumal
1089 2291 1156 2338 fiir
1174 2291 1338 2340 allemal,
1362 2291 1431 2338 filr
1449 2291 1582 2328 immer
1603 2319 1613 2328 .
1633 2320 1641 2329 .
1662 2321 1670 2329 .
1704 2289 1793 2340 Vgl.

264 2348 424 2394 Quintil.
444 2348 540 2386 Inst.
560 2348 594 2386 X
617 2350 653 2399 1,
680 2350 744 2397 17,
770 2348 960 2387 Matthiae
983 2362 1028 2386 zu
1048 2346 1124 2387 Cic.
1145 2347 1272 2388 Deiot.
1293 2349 1336 2396 3,
1353 2350 1389 2398 9,
1415 2348 1518 2387 Boot
1543 2361 1588 2386 zu
1613 2347 1691 2387 Cic.
1711 2348 1795 2386 Att.

268 2410 302 2454 1,
327 2409 391 2458 19,
413 2403 464 2445 6’.
514 2406 685 2457 Georges
710 2407 887 2457 singulos
912 2406 989 2445 Cic.
1008 2406 1106 2444 Plin.
1126 2405 1257 2452 Quint.
1276 2407 1381 2445 locos
1406 2406 1546 2445 adfert.

382 2460 615 2515 separatim
640 2466 737 2505 411.
768 2464 846 2504 Cic.
866 2464 973 2504 Caes.
993 2464 1089 2514 Nep.
1108 2464 1191 2503 Liv.
1211 2464 1308 2503 Gen.

382 2519 462 2561 Seu
487 2525 528 2562 et
551 2519 642 2562 sivo
667 2523 887 2572 particulae
898 2518 947 2575 ¹):

381 2582 428 2621 A.
453 2581 615 2620 verbum
641 2581 794 2620 finitum
819 2583 978 2632 regunt:

380 2640 413 2679 I.
437 2640 510 2679 sibi
535 2640 642 2689 ipsae
668 2640 859 2689 repetitae
883 2639 1139 2689 respondent:

381 2700 462 2737 383
488 2699 566 2737 sive
587 2718 636 2725 —
659 2700 752 2741 sive,
778 2699 861 2735 432
887 2709 953 2736 seu
976 2718 1024 2724 —
1046 2709 1129 2746 seu,
1154 2697 1237 2736 469
1263 2697 1341 2735 slve
1364 2716 1410 2723 -
1431 2707 1517 2740 seu.
1543 2697 1626 2735 875
1652 2708 1722 2735 seu
1738 2717 1796 2725 —

263 2769 346 2800 scu,
375 2758 484 2796 1016
509 2768 575 2795 seu
597 2777 641 2783 -
668 2758 763 2805 sive,
792 2757 903 2795 1030
917 2768 972 2806 sq.
997 2767 1063 2794 sm
1085 2775 1134 2783 —
1156 2767 1239 2800 seu,
1266 2755 1374 2794 1349
1401 2766 1466 2793 seu
1488 2774 1537 2782 —
1559 2756 1648 2798 sive,
1677 2756 1791 2794 1379

381 2892 415 2935 1)
442 2892 620 2926 Accurnte
645 2890 683 2926 C.
709 2891 748 2926 F.
775 2890 831 2926 W.
856 2889 1011 2934 Mueller
1047 2890 1092 2925 de
1128 2889 1186 2926 his
1222 2888 1414 2936 particulis
1450 2888 1485 2924 in
1525 2898 1646 2934 progr.
1671 2900 1792 2935 gymn.

266 2936 454 2979 lonchim„
481 2936 669 2972 Berolinae
697 2941 798 2980 1871,
825 2937 912 2981 egit.
