1878 3242
506 132 563 167 De
587 121 805 167 Terentiani
830 128 998 166 sermone
1025 131 1064 166 et
1088 129 1224 165 aetate.
1559 125 1646 168 353

84 248 269 295 caputque
293 248 468 290 tenentes,
497 245 610 285 1254
635 256 728 284 nam
746 245 864 284 mutis
883 244 994 284 docui
1017 244 1225 282 subiectam
1248 242 1349 281 hanc
1373 241 1549 281 omnibus
1568 252 1647 280 esse

82 305 158 354 (=
176 304 330 355 subici),
359 306 469 344 1531
498 307 575 344 tres
599 305 683 343 dico
708 306 858 353 iuyatos
881 305 982 352 fieri,
1010 304 1122 342 2823
1142 314 1246 351 pars
1269 303 1335 350 filet
1357 302 1450 340 haec
1473 301 1620 340 relicta.

199 364 332 411 Quare
358 376 448 403 cum
471 363 683 414 participia
706 363 788 403 vim
812 363 1015 403 verbalem
1047 376 1125 402 non
1152 362 1396 413 obtinerent,
1420 360 1643 410 perfectum

86 424 191 475 quod
215 426 360 464 vocant
391 423 594 463 ulterioris
626 423 733 462 modi
764 422 862 474 fingi
892 434 1053 462 necesse
1079 423 1177 461 erat.
1229 420 1343 468 Quod
1367 420 1474 471 apud
1500 420 1643 459 Teren-

81 483 237 522 tianum
273 483 395 523 semel
425 482 644 522 invenitur:
694 483 805 522 1991
839 483 978 521 ultima
1006 494 1105 530 quae
1134 484 1253 520 metro
1286 482 1366 529 fuit
1393 481 1462 519 hoc
1491 481 1647 518 inventa

82 542 237 590 Seram
273 555 402 593 neque
427 542 533 581 enim
558 541 756 581 Petrecini
781 542 1025 580 coniectura:
1065 542 1150 581 373
1175 543 1329 589 sumpta
1352 542 1516 589 propt-er
1547 540 1648 587 qaod

83 603 160 651 suit
184 596 287 655 (fuit
310 602 351 640 in
376 601 418 640 M
442 599 573 653 deest)
597 603 681 640 tam
706 603 816 640 certa
841 603 919 651 est,
951 602 997 640 ut
1028 600 1282 639 adnumerari
1313 599 1468 639 debeat.
1519 599 1646 637 Immo

84 664 126 700 et
149 661 201 700 ad
226 661 463 700 sententiam
487 663 530 702 et
554 661 605 699 ad
630 673 853 700 sermonem
879 660 1108 700 Terentiani
1139 660 1238 699 mihi
1268 660 1385 699 datur
1409 661 1482 698 aut
1519 658 1646 697 simile

84 719 235 771 aliquid
259 721 387 771 magis
412 720 608 771 quadrare
632 720 835 769 videatur,
860 720 909 759 cf.
934 733 972 760 v.
995 721 1110 759 1030
1134 732 1202 759 seu
1225 720 1381 758 subdita
1405 720 1527 759 detur.

202 780 264 819 Ex
293 779 416 819 Nouii
445 781 581 819 autem
618 779 871 819 collectaneis
879 773 914 833 ¹)
948 781 1134 829 apparet,
1167 779 1202 818 si
1232 792 1356 818 unum
1388 778 1549 818 Livium
1581 790 1645 816 ex·

86 839 254 890 cipimus
277 839 346 890 qui
365 839 635 889 exemplorum
653 851 820 879 numero
839 851 984 889 magno
1003 838 1110 877 inter
1129 839 1283 878 ceteros
1303 838 1466 889 eminet,
1484 837 1646 887 scripto-

85 911 150 938 res
186 900 360 938 urbanos
398 899 600 938 rarissime
636 911 683 937 eo
719 910 812 938 usos
848 910 954 949 esse,
986 897 1158 937 Gellium
1193 899 1330 937 autem
1361 900 1402 936 et
1432 897 1647 948 Apuleium

86 958 326 997 comicorum
352 960 393 997 et
418 958 611 997 sermonis
636 958 816 1008 vulgaris
840 970 960 996 usum
984 958 1192 1007 recepisse.
1244 957 1392 996 Fronto
1425 956 1646 1007 participiis

84 1017 182 1067 perf.
207 1017 309 1056 illud
332 1018 394 1066 fui
418 1017 499 1066 bis,
524 1019 667 1068 quater
690 1018 862 1065 fueram,
886 1017 998 1065 fuero
1023 1017 1145 1055 octies
1171 1016 1326 1055 addidit
1335 1011 1384 1068 2).

201 1076 343 1127 Itaque
368 1088 459 1115 cum
483 1076 726 1127 posteriores
760 1089 878 1130 usum
908 1076 1171 1126 intenderint,
1204 1075 1489 1115 Terentianum
1522 1075 1646 1114 etiam

84 1136 158 1175 hac
182 1135 223 1174 in
248 1148 292 1174 re
317 1135 448 1186 magis
474 1136 524 1175 ad
550 1134 768 1175 secundum
792 1148 911 1186 quam
937 1135 988 1174 ad
1012 1135 1179 1175 tertium
1211 1136 1415 1175 saeculum
1447 1135 1644 1186 quadrare

84 1197 192 1244 puto.

602 1387 750 1425 Index
779 1388 1120 1445 particularum.

200 1477 263 1520 Ac
289 1482 332 1519 et
355 1477 483 1530 atque
509 1480 728 1520 sententias
754 1482 840 1519 arte
861 1483 1085 1520 conectunt.
1120 1480 1227 1520 Illud
1247 1493 1339 1520 raro
1359 1481 1562 1522 invenitur
1583 1483 1645 1520 ut:

85 1540 182 1592 558,
211 1541 322 1580 1373
350 1539 417 1589 (ne
435 1541 521 1589 quis
546 1543 645 1579 erret
664 1572 671 1579 .
693 1569 702 1578 .
723 1571 732 1579 .
758 1552 804 1579 ac
822 1543 931 1589 putet
958 1542 1119 1590 piarum
1142 1541 1201 1580 vel
1226 1543 1324 1580 artis
1347 1553 1467 1590 usqae
1492 1542 1545 1581 ad
1568 1543 1646 1580 ista

83 1600 293 1649 nesctwm);
329 1600 404 1639 hoc
440 1599 607 1650 legitur:
650 1600 752 1651 175,
779 1601 883 1651 560,
911 1601 1012 1649 589,
1041 1601 1144 1651 609,
1172 1601 1274 1652 616,
1304 1602 1400 1651 774,
1429 1602 1531 1652 785,
1558 1602 1642 1640 836

84 1658 255 1708 (quando
288 1659 453 1708 flabra
487 1662 521 1697 et
553 1659 782 1707 flosculos
814 1662 927 1708 atque
955 1660 1046 1698 item
1076 1661 1260 1709 fruyem
1292 1663 1404 1709 atque
1433 1661 1647 1709 frondem

83 1720 263 1758 nominas
299 1721 332 1757 et
367 1716 501 1766 talia),
540 1718 624 1757 887
664 1717 835 1767 (quando
873 1717 1037 1768 μνήμην
1075 1722 1186 1768 atque
1217 1719 1394 1768 μνᾶεθαι
1429 1721 1648 1769 dictitatque

87 1775 312 1826 Μνεεθέα),
339 1778 438 1828 910,
458 1779 556 1828 919,
583 1778 681 1828 927,
704 1779 830 1828 1143,
851 1779 976 1826 1402,
1000 1779 1126 1829 1816,
1153 1780 1280 1829 2554,
1305 1780 1420 1818 2874
1446 1779 1648 1829 (necpars

83 1836 176 1876 haec
200 1840 438 1886 anapaesttm
463 1839 574 1885 atque
597 1837 758 1883 iambos,
782 1849 851 1876 nec
875 1850 952 1876 mm
978 1841 1012 1876 et
1036 1839 1296 1878 catalecticum
1321 1851 1555 1888 supremam,
1580 1840 1649 1878 sed

85 1899 214 1935 sumat
229 1897 466 1945 pariambon
490 1899 524 1935 et
549 1895 772 1945 trochaeos),
794 1898 920 1946 2919,
948 1898 1062 1937 2968
1082 1897 1133 1937 al.
1169 1898 1217 1936 In
1235 1912 1271 1938 v.
1295 1899 1377 1937 175
1398 1898 1524 1938 Briss.
1543 1899 1646 1938 hanc

84 1955 321 2005 particulam
347 1956 501 1995 conlato
536 1954 654 1994 Gellii
680 1956 706 1994 l.
725 1955 762 1994 X
796 1956 925 2006 capite
958 1956 1099 1996 ultimo
1133 1970 1205 2008 pro
1240 1959 1370 1997 statim
1403 1958 1542 2007 habet,
1577 1959 1647 1997 sed

85 2014 305 2054 coniunctio
331 2015 559 2065 copulativa
583 2017 656 2054 est.
689 2015 796 2054 Nota
824 2017 936 2055 1812
952 2029 1054 2066 sqq.:
1080 2017 1172 2055 haec
1191 2047 1200 2056 .
1221 2048 1229 2056 .
1252 2049 1259 2056 .
1287 2019 1372 2057 edet
1395 2019 1646 2067 anapaestica

84 2074 214 2113 dulcia
235 2077 358 2114 metra
383 2076 604 2123 cuicumque
628 2075 754 2113 libebit
886 2079 998 2123 atque
1025 2077 1086 2115 ille
1102 2079 1220 2124 poeta
1244 2077 1428 2116 Faliscus
1537 2079 1644 2117 dixit.

199 2129 315 2172 Adeo
341 2134 554 2184 dupliciter
579 2133 702 2183 accipi
733 2136 868 2184 potest
902 2147 973 2184 pro
999 2136 1097 2174 adde
1122 2136 1175 2174 acl
1198 2137 1240 2175 id
1266 2153 1321 2167 =
1341 2140 1549 2185 praeterea
1574 2139 1647 2175 aut

83 2205 155 2242 pro
179 2204 298 2241 usque
321 2193 375 2232 ad
398 2194 448 2232 id.
488 2193 603 2231 Hunc
629 2204 745 2231 usum
764 2193 977 2244 scriptores
998 2194 1194 2244 elegantis
1220 2195 1435 2235 latinitatis
1459 2196 1644 2247 frequen·

84 2253 289 2302 taverunt,
318 2252 432 2290 illum
463 2265 579 2303 quem
612 2252 875 2291 Terentianus
907 2253 947 2291 in
982 2266 1019 2293 v.
1042 2255 1173 2293 1098:
1212 2267 1298 2293 cum
1336 2259 1510 2305 correpta
1548 2257 1643 2295 adeo

84 2311 227 2350 vocalis
251 2312 363 2350 tertia
387 2314 520 2351 currat
543 2311 720 2361 praebet,
746 2312 829 2350 fere
854 2325 933 2351 non
958 2310 1266 2365 usurpaverunt,
1287 2315 1356 2353 sed
1383 2317 1515 2354 exstat
1534 2316 1640 2366 apud

88 2369 255 2409 comicos
285 2372 483 2420 vetustos,
508 2370 738 2420 Apuleium,
764 2371 1055 2410 Tertullianum
1086 2373 1204 2423 alios;
1242 2373 1290 2413 cf.
1317 2373 1500 2414 Paucker
1525 2374 1641 2414 Subr.

88 2430 205 2468 scrut.
231 2428 267 2478 p.
290 2430 357 2470 60.
406 2428 463 2468 cf.
490 2429 608 2468 etiam
636 2429 870 2479 particulam
897 2430 1049 2481 insequ.

202 2482 351 2526 Adhuc
377 2488 560 2527 similiter
585 2490 704 2539 atque
730 2490 824 2528 adeo
851 2493 1085 2540 usurpatum
1111 2493 1192 2530 est:
1229 2493 1311 2532 617
1340 2495 1394 2531 est
1418 2493 1544 2532 adhuc
1569 2506 1641 2542 quo

87 2550 290 2595 separatae
314 2548 329 2586 i
354 2550 388 2585 et
410 2559 439 2586 u
463 2548 699 2587 dissentiant.
750 2547 814 2587 Ita
851 2549 941 2587 inde
978 2550 1028 2588 ab
1067 2552 1260 2600 argentea.
1297 2564 1417 2602 quam
1453 2564 1641 2591 vocamus

88 2605 288 2645 latinitate
312 2605 524 2656 invenitur,
544 2606 592 2645 cf.
613 2606 793 2645 Paucker
815 2608 840 2646 l.
854 2620 886 2648 c.
911 2621 947 2658 p.
964 2610 1031 2647 61.
1058 2608 1186 2649 Krebs
1212 2611 1310 2650 haec
1334 2611 1472 2650 habet:
1498 2607 1645 2651 ‘Unser

87 2665 183 2704 noch
207 2665 368 2710 andere,
394 2666 616 2705 ausserdcm
638 2666 733 2704 noch.
758 2667 901 2705 andere
925 2667 1050 2707 heisst
1074 2669 1119 2706 K
1122 2669 1145 2708 l.
1177 2671 1292 2709 etiam
1317 2670 1411 2709 oder
1438 2674 1644 2719 praeterea

207 2826 242 2871 1)
265 2826 297 2861 11
323 2838 384 2872 pp.
405 2829 603 2862 355—360.
655 2827 850 2871 Riemann,
879 2819 1032 2864 ‘Etudes
1057 2841 1118 2864 sm·
1144 2830 1181 2864 la
1206 2830 1342 2875 langue
1363 2831 1408 2866 de
1434 2830 1641 2868 Tite—Live’

91 2870 182 2907 mihi
205 2883 277 2909 non
303 2875 450 2918 praesto
476 2877 567 2910 erat.

207 2920 244 2965 2)
267 2919 382 2956 Ebert
406 2933 441 2966 p.
462 2925 517 2957 31.
