1942 3262
838 446 983 494 Index
1019 445 1270 492 librorum.

405 593 445 628 In
470 593 551 638 ipso
572 594 697 628 libello
714 584 810 637 'quae
837 603 949 638 opera
969 592 1115 638 saepius
1135 592 1457 628 commemoranda
1477 592 1581 628 erant
1605 591 1815 638 plerumque

289 640 709 722 gggtlzgzuadnsgiinibus
740 639 1028 686 indiearesssatis
1053 639 1174 674 habui.
1223 639 1350 683 Itaque
1381 650 1427 674 ne
1460 639 1549 684 quid
1581 638 1815 684 desideretur,

405 745 443 778 M
469 762 513 773 =
539 743 749 779 Terentiani
775 744 889 779 editio
914 743 1208 779 Mediolanensis.

408 790 516 827 Briss.
544 808 586 820 =
614 790 808 834 Brissaeus,
833 789 930 825 Petr.
956 807 999 819 =
1024 789 1243 832 Petrecinus‚
1268 801 1422 835 quorum
1446 790 1606 827 virorum
1631 793 1737 827 notas
1762 790 1815 828 iu-

290 840 414 881 tegras
440 837 609 872 Gaisford
634 838 672 872 in
697 836 982 882 Hephaestionis
1008 836 1095 872 edit.
1122 836 1193 871 vol.
1220 836 1254 872 II
1278 836 1428 881 recepit.

405 883 506 918 Sant.
527 901 570 913 =
591 883 727 919 Santen
751 885 791 919 in
815 883 976 919 editione
994 882 1205 919 Terentiani
1223 883 1386 919 Traiecti
1412 883 1459 919 ad
1479 883 1645 919 Rhenum
1672 894 1703 920 a.
1726 887 1815 920 1826

289 932 424 965 curata.

404 977 552 1012 Lachm.
581 994 624 1006 ==
649 977 875 1021 Lachmann,
901 976 965 1021 qui
987 975 1248 1012 Terentianum
1274 987 1306 1012 a.
1336 979 1425 1012 1836
1447 977 1573 1013 edidit.

403 1024 486 1058 Keil
511 1041 555 1053 =
580 1023 662 1058 Keil
686 1023 723 1058 in
749 1022 908 1058 Gramm.
933 1022 1012 1059 Lat.
1038 1023 1111 1058 vol.
1137 1023 1197 1058 VI.

404 1069 479 1105 LM
505 1086 549 1099 =
573 1070 756 1105 Lucianus
780 1070 934 1105 Mueller
964 1070 1002 1104 in
1027 1070 1167 1115 septem
1193 1070 1237 1105 de
1261 1081 1300 1105 re
1325 1069 1477 1105 metrica
1502 1071 1693 1115 poetarum
1717 1070 1817 1107 Lati-

288 1127 418 1152 norum
442 1116 557 1151 libris.

405 1163 508 1198 Neue
534 1180 578 1192 -—-
602 1162 717 1207 Neue,
741 1163 999 1198 Formenlehre
1026 1162 1091 1198 der
1115 1162 1356 1198 lateinischen
1382 1162 1554 1207 Sprache.
1584 1163 1639 1200 ed.
1665 1163 1709 1200 IL

402 1209 534 1255 Draeg.
564 1227 606 1239 =
633 1211 810 1254 Draeger,
842 1208 1072 1244 Historische
1105 1209 1244 1254 Syntax
1273 1209 1338 1245 der
1368 1208 1611 1245 lateinischen
1642 1209 1812 1256 spritum,

286 1256 343 1291 ed.
369 1256 412 1292 11.

288 1348 312 1383 S
403 1302 575 1338 Kuehner
606 1320 649 1332 =
683 1303 873 1346 Kuehner,
917 1300 1175 1337 Ansftihrliche
1213 1301 1442 1338 Grammatik
1479 1302 1542 1338 der
1579 1302 1816 1339 lateinischen

339 1350 459 1384 rache.

313 1361 337 1394 p
403 1395 465 1430 Iw.
485 1395 640 1431 Mueller
659 1395 692 1430 II
718 1413 761 1425 =-
786 1396 929 1431 Iwanus
948 1394 1113 1439 Mueller,
1139 1394 1343 1430 Handbuch
1369 1395 1434 1430 der
1451 1395 1679 1431 klassischen
1697 1396 1816 1432 Alter-

288 1442 655 1487 tumswissenschaft,
679 1443 751 1478 vol.
771 1441 816 1486 11,
841 1443 896 1477 ed.
917 1441 965 1486 11,
996 1452 1066 1486 quo
1090 1442 1129 1476 in
1152 1441 1248 1477 libro
1269 1442 1436 1477 Schmalz
1461 1442 1642 1487 syntaxim
1668 1443 1816 1488 linguae

285 1488 438 1523 Latinae
462 1490 647 1524 tractavit.

402 1535 563 1580 Rebling
582 1552 626 1565 ==
646 1535 688 1571 Ο.
702 1535 872 1580 Rebling,
896 1534 1063 1570 Versuch
1089 1534 1189 1570 einer
1208 1534 1499 1571 charakteristik
1523 1535 1588 1570 der
1610 1534 1817 1571 romischen

291 1581 643 1627 Umgangssprache.

404 1629 511 1663 Hand
538 1646 581 1657 =
607 1629 710 1663 Ferd.
736 1627 872 1663 Handii
897 1627 1134 1663 Tursellinus.

401 1675 460 1709 W.
483 1674 527 1710 A.
554 1693 598 1704 =
623 1674 823 1719 Woelfflin,
849 1675 984 1710 Archiv
1010 1675 1067 1709 fur
1091 1674 1218 1709 latein.
1243 1674 1376 1711 Lexico
1379 1674 1543 1722 graphie.

403 1721 547 1756 Sittl=
562 1721 661 1764 Sittl
680 1722 748 1756 Die
767 1722 917 1757 lokalen
929 1720 1301 1756 Verschiedenheiten
1321 1722 1384 1757 der
1379 1687 1638 1758 glateinischen
1654 1722 1815 1768 Sprache

287 1767 357 1802 mit
387 1768 609 1803 besonderer
638 1767 993 1812 Berticksichtigung
1024 1767 1088 1801 des
1122 1766 1394 1804 afrikanischen
1418 1768 1575 1804 Lateins.
1624 1768 1813 1813 (Eiusdem

285 1815 323 1848 in
362 1814 530 1850 Bursiani
569 1815 757 1850 annalium
794 1814 866 1850 vol
887 1817 930 1850 68
967 1816 1089 1859 (1891)
1133 1813 1418 1858 disputationem
1461 1815 1637 1860 expressis
1675 1826 1818 1861 semper

285 1861 406 1896 verbis
433 1861 463 1895 si
492 1861 603 1905 navi.)

400 1873 520 1941 Praim
545 1924 589 1936 =
614 1906 641 1942 Ι.
666 1907 798 1950 Praun,
824 1906 1100 1951 Bemerkungen
1125 1917 1188 1940 zur
1212 1905 1349 1950 Syntax
1373 1906 1437 1941 des
1462 1906 1603 1943 Vitruv.

400 1952 586 1988 Eberhard
613 1971 656 1982 =
680 1953 745 1989 Ph.
771 1952 970 1996 Eberhard,
996 1953 1049 1988 De
1075 1951 1233 1987 Vitruvii
1258 1963 1391 1997 genere
1416 1952 1561 1988 dicendi
1587 1955 1696 1998 partt.
1721 1953 1767 1990 ΙΙ.

398 1999 530 2035 Priebe
556 2016 599 2028 =
624 1999 764 2042 Priebe,
790 1998 843 2033 De
870 1979 1063 2034 Frontonis
1088 1998 1295 2034 imitatione
1320 1999 1430 2044 prisci
1455 2001 1630 2035 sermonis
1657 2000 1788 2036 Latini.

404 2046 518 2081 Ebert
544 2063 587 2075 =
612 2045 735 2089 Ebert,
756 2027 814 2080 'De
838 2044 1030 2080 Frontonis
1055 2045 1209 2090 syntaxi.

401 2093 539 2138 Gorges
565 2109 608 2122 ---
629 2093 780 2138 Gorges,
805 2091 858 2127 De
883 2091 1105 2136 quibusdam
1130 2091 1306 2127 sermonis
1330 2091 1490 2128 Gelliani
1515 2093 1812 2146 proprietatibus.

399 2139 518 2183 Vogel
544 2156 586 2168 ==
615 2137 741 2184 Vogel,
766 2138 820 2173 De
844 2138 930 2173 Auli
955 2138 1064 2173 Gellii
1089 2138 1195 2181 copia
1219 2139 1423 2174 verborum.

398 2184 603 2220 Kretschm.
623 2202 667 2215 =
671 2151 731 2219 ΒΗ
751 2184 1031 2228 Kretschmann‚
1058 2185 1110 2219 De
1134 2183 1319 2220 latinitate
1339 2185 1378 2220 L.
1395 2185 1526 2231 Apulei
1547 2185 1807 2222 Madaurensis.

398 2230 539 2267 Becker
564 2249 607 2261 =
633 2231 677 2266 H.
705 2231 856 2275 Becker,
883 2231 1014 2266 Studia
1037 2230 1253 2276 Apuleiana.

398 2277 590 2313 Piechotta
615 2294 659 2307 ε
685 2258 887 2321 Piechott'a‚
914 2277 1030 2313 Curae
1055 2277 1295 2323 Apuleianae.

397 2323 495 2359 Baur
520 2341 563 2354 a·
588 2324 630 2359 A.
657 2323 764 2368 Baur,
791 2324 1029 2367 Quaestiones
1055 2324 1345 2360 Sammoniceae.

398 2371 493 2406 Kalb
517 2371 550 2407 J.
576 2370 614 2407 L.
641 2388 684 2400 ==
710 2370 816 2414 Kalb,
842 2370 916 2405 Das
942 2369 1230 2406 Juristenlatein.

397 2416 493 2451 Kalb
519 2417 560 2451 R.
588 2417 620 2453 J.
648 2435 691 2446 =
715 2417 824 2461 Kalb,
849 2416 961 2451 Roms
985 2417 1159 2452 Juristen.

397 2463 547 2508 Langen
573 2481 615 2493 =
643 2464 806 2508 Langen,
830 2464 883 2498 De
907 2462 1220 2508 praepositionum
1247 2474 1314 2498 usu
1339 2463 1600 2500 Tertullianeo.

397 2508 517 2545 Hense
544 2527 586 2539 ==
613 2510 750 2554 Hense,
781 2509 835 2544 De
866 2510 956 2545 Iuba
988 2509 1202 2555 artigrapho
1233 2510 1287 2554 (in
1317 2510 1493 2546 Actorum
1523 2510 1650 2547 societ.
1683 2510 1812 2556 philol.

283 2556 480 2601 Lipsiensis
504 2559 605 2592 tomo
631 2556 705 2601 IV).
758 2584 770 2596 x

279 2647 311 2683 J.
398 2603 512 2682 {reilbs
540 2619 582 2632 ==
608 2603 742 2647 Krebs‚
784 2602 1049 2638 Antibarbarus
1081 2602 1146 2638 der
1176 2602 1241 2639 lat.
1274 2602 1452 2648 Sprache,
1484 2604 1541 2639 ed.
1567 2603 1625 2639 VI.
1659 2614 1732 2639 cur.
1763 2602 1811 2638 ab

338 2649 381 2683 H.
435 2661 453 2683 c
482 2649 586 2684 malz.

397 2706 573 2751 Reliquos
599 2709 722 2742 autem
757 2706 870 2742 libros
895 2708 937 2741 ut
960 2706 1139 2743 Pauckeri
1162 2707 1357 2743 verborum
1381 2708 1590 2752 thesauros,
1616 2706 1809 2743 Roenschii

283 2752 417 2787 librum
444 2755 507 2797 qui
531 2752 743 2788 inscribitur
762 2753 858 2788 Itala
882 2754 953 2788 und
974 2754 1148 2799 Vulgata,
1173 2754 1276 2789 Rosii
1294 2754 1483 2790 Anecdota
1501 2763 1644 2800 graeca,
1669 2756 1809 2789 ceteros

281 2799 371 2834 satis
398 2802 523 2844 aperte
549 2802 592 2835 ut
615 2799 798 2835 dubitatio
823 2799 960 2835 moveri
986 2802 1146 2844 nequeat
1170 2800 1350 2836 indicabo.
