1878 3242
270 157 356 201 372
934 163 976 197 A.
997 160 1139 198 ποιῶ,

388 273 470 310 542
505 274 592 310 ante
624 283 826 310 consonam
856 284 894 310 u·
910 275 1060 320 reperta
1092 273 1174 310 sola
1205 274 1283 310 sive
1315 274 1356 311 in
1388 274 1535 322 syllaba
1566 305 1575 315 .
1594 305 1606 316 .
1624 306 1633 315 .
1663 277 1800 316 obtinet

269 331 409 368 vocalis
431 342 556 374 usum,
584 331 695 368 1320
715 342 797 379 sqq.
822 342 906 368 cum
931 330 1053 369 brevis
1078 331 1176 369 duas
1195 331 1346 370 habebit
1369 332 1580 372 adiacentes
1603 345 1797 380 consonas,

269 391 347 426 sive
376 400 518 432 secum,
556 389 615 426 vel
643 390 808 436 sequenti
838 389 1035 436 copulatas
1064 389 1250 437 syllabae,
1283 390 1456 438 singulae
1484 391 1542 429 vel
1571 392 1796 438 dividentur,

272 448 382 486 1328
408 459 434 485 α
459 450 492 485 et
516 459 535 484 e
558 447 673 485 simul
696 448 848 495 iuyatae
872 448 950 486 sive
973 459 1058 486 cum
1080 448 1150 486 illa
1173 448 1357 496 sinyulae,
1382 450 1515 496 quinta
1539 461 1636 498 quae
1658 452 1799 490 vocalis
1865 499 1868 503 .

270 509 321 542 est
347 501 420 556 (sie
439 503 534 544 eon'i.
554 505 726 554 Lachm.‚
751 506 808 543 vel
834 499 902 558 M).

385 558 431 616 b)
455 563 543 602 aliis
568 563 784 603 vocabulis:

387 623 498 660 1333
524 625 668 670 tempus
691 623 808 660 umus
832 625 926 660 tenet
948 624 1027 661 sive
1056 624 1234 671 ἀτιμιης
1259 623 1427 662 fortasse
1451 624 1570 663 etiam
1594 624 1634 663 in
1658 637 1694 664 v.
1714 626 1796 665 435

266 681 365 718 dico
389 682 467 719 sive
491 682 607 728 fido,
633 681 764 728 lonqae
788 684 876 719 sunt
892 682 1046 728 priores
1069 682 1248 730 syllabae,
1274 681 1342 720 sed
1361 682 1554 732 quomodo
1573 695 1635 723 vv.
1656 684 1740 723 434
1761 685 1801 723 et

267 739 350 777 435
383 739 540 790 legendi
572 741 613 777 et
643 738 859 788 explicandi
892 739 988 787 sint,
1019 739 1172 790 dubit03
1202 742 1407 789 praeterea
1430 741 1471 779 in
1494 741 1635 791 fragm.
1659 741 1798 781 incerti

266 800 406 847 poetae
433 814 487 828 =
516 797 627 836 2534
659 798 844 836 Inachiae
865 798 1020 845 puellae
1049 810 1115 837 seu
1146 799 1245 837 bovis
1277 799 1341 838 ille
1364 802 1496 839 custos.
1547 798 1604 838 cf.
1624 799 1799 839 Schmalz

266 858 289 894 l.
309 869 339 894 c.
359 870 395 905 p.
416 857 513 904 465,
539 855 564 902 ἓ
586 857 686 894 194:
713 851 821 894 ‘Sive
843 855 884 894 in
909 856 977 894 der
1001 857 1238 906 Bedeutung
1262 858 1402 901 „oder“
1427 853 1534 910 (also
1559 858 1634 896 mit
1657 857 1799 897 Unter-

266 915 470 964 driiekung
483 915 598 964 jeder
616 914 910 952 kondizionalen
930 910 1132 966 Ffirbung)
1152 915 1274 954 findet
1294 915 1375 954 sich
1395 915 1458 954 bei
1475 916 1588 955 Lucr.
1610 929 1643 955 u.
1661 915 1798 966 Luoil.,

266 973 369 1011 daun
388 974 452 1012 bei
471 972 538 1011 Cic
542 1001 665 1011 .....
685 973 764 1011 fast
782 973 886 1011 allen
904 973 1092 1011 Diehtern
1111 973 1189 1011 und
1209 974 1335 1013 vielen
1354 976 1534 1023 spateren
1553 974 1797 1013 Prosaikern.

267 1032 412 1081 Hiiufig
430 1032 631 1070 brauchen
649 1043 690 1070 es
704 1030 861 1079 Vitruv,
879 1031 977 1069 Plin.
998 1032 1087 1069 mai.
1107 1032 1196 1070 Tac.
1210 1032 1306 1070 Aur.
1319 1031 1419 1071 Vict.
1439 1032 1570 1081 script.
1589 1032 1679 1071 hist.
1694 1033 1798 1084 Aug.

265 1090 403 1140 Veget.
430 1086 616 1128 Macmb?
669 1089 742 1128 His
767 1089 911 1139 Draeg.
932 1085 989 1126 112
1011 1091 1093 1128 150
1107 1099 1188 1139 sqq.
1220 1089 1505 1135 Quintilianum
1537 1089 1637 1129 Gen.
1656 1090 1795 1129 Gaium

264 1148 380 1187 Mart.
400 1147 601 1197 Capellam
626 1147 747 1186 addit.
1181 1164 1183 1166 ’

382 1203 426 1244 Si
462 1206 675 1256 particula,
715 1218 817 1255 quae
852 1206 1083 1256 plerumque
1113 1206 1403 1246 coniunctivum
1433 1206 1538 1257 regit
1568 1202 1643 1259 (cf.
1676 1219 1797 1257 supra

265 1279 301 1314 p.
317 1267 398 1303 347
416 1260 506 1317 sq.)‚
531 1278 619 1303 eum
643 1264 852 1304 indicativo
878 1265 1145 1314 coniungitur:
1174 1266 1256 1303 170
1281 1267 1322 1303 et
1342 1266 1424 1304 173
1445 1262 1560 1318 (coni.
1581 1277 1660 1303 non
1678 1268 1796 1315 aptus

265 1318 383 1375 erat),
405 1325 485 1362 262
508 1325 548 1361 et
567 1324 649 1361 296
672 1318 747 1372 (=
768 1335 853 1361 cum
871 1324 934 1362 vel
953 1317 1135 1375 quando),
1157 1325 1239 1362 623
1260 1317 1548 1376 (coniunctivus
1567 1323 1795 1373 potentialis

263 1382 326 1420 hie
343 1382 501 1430 ineptus
522 1375 614 1434 est),
642 1383 723 1419 764
745 1375 842 1433 (ind.
861 1381 989 1431 aptior
1008 1377 1101 1434 est),
1128 1382 1211 1420 944
1232 1376 1306 1433 (=
1326 1393 1412 1420 eum
1428 1382 1491 1421 vel
1510 1376 1691 1434 quando),
1712 1383 1793 1421 949

265 1435 338 1491 (=
360 1437 475 1490 cum),
498 1441 609 1479 1094
629 1435 704 1492 (=
725 1435 842 1491 cum),
865 1441 973 1478 1183
997 1435 1072 1492 (=
1092 1434 1273 1493 quando),
1294 1452 1393 1490 quae
1411 1440 1551 1479 vocula
1569 1434 1797 1492 antecedit),

268 1499 378 1537 1184
403 1493 476 1550 (est
500 1502 625 1536 tamen
650 1499 870 1546 exemplum,
894 1499 1035 1537 vocalis
1059 1509 1222 1539 consona
1240 1499 1275 1536 si
1297 1499 1352 1545 sit.
1382 1498 1446 1536 An
1463 1499 1530 1536 ubi
1551 1495 1658 1549 ftoe),
1686 1499 1795 1541 1186

263 1551 339 1609 (=
360 1553 474 1608 eum),
499 1558 606 1595 1189
629 1551 703 1609 (=
725 1551 972 1609 oum)‚'1192
995 1551 1070 1608 (=
1084 1552 1199 1608 oum),
1221 1557 1331 1596 1369
1353 1554 1407 1608 (si
1422 1557 1598 1605 probatis
1615 1552 1796 1606 ἔκταεινς

262 1615 534 1654 coniunctivus
553 1628 631 1653 non
649 1618 766 1664 aptus
787 1610 877 1667 est),
900 1616 1010 1654 1973
1032 1609 1157 1666 (nemo
1176 1618 1301 1654 tamen
1319 1616 1440 1663 culpet
1457 1617 1491 1654 si
1509 1626 1615 1654 sumo
1631 1616 1798 1663 exempla

252 1675 432 1720 *novellm
458 1674 520 1712 hic
544 1685 730 1723 praesens
755 1686 826 1723 pro
850 1674 922 1712 fut.
942 1674 1114 1722 positum
1140 1668 1231 1726 est).

344 1758 346 1760 ·
377 1732 422 1772 Si
446 1734 531 1780 quis
554 1732 810 1770 indicativum
834 1732 954 1782 regit:
985 1733 1114 1782 1261;

379 1791 574 1829 futurum:
613 1792 708 1840 150,
745 1784 849 1843 (324
886 1791 926 1828 in
964 1791 1167 1829 enuntiato
1204 1790 1390 1839 primario
1424 1802 1578 1841 quoque
1618 1791 1796 1829 futurum

253 1844 428 1901 exstat),
455 1851 556 1899 504;

379 1907 685 1945 coniunctivum:
715 1908 808 1955 152,
839 1908 963 1954 1490,
991 1908 1114 1955 1726,
1143 1907 1393 1955 2288;,coni.
1413 1907 1509 1955 perf.
1531 1908 1625 1945 948.

378 1965 421 2003 Si
444 1966 594 2013 quando
618 1964 891 2003 indicativum:
930 1966 1031 2014 221,
1057 1966 1158 2012 444,
1185 1966 1287 2012 547,
1314 1966 1414 2014 674,
1442 1966 1543 2014 787,
1570 1966 1672 2014 844,
1698 1967 1795 2013 865,

264 2026 359 2071 916,
389 2025 512 2071 1059,
540 2025 666 2071 1433,

380 2083 574 2120 futurum:
600 2083 695 2129 816,
723 2083 853 2131 1612,

378 2140 683 2179 coniunctivum:
712 2141 835 2178 2114.

377 2201 411 2237 si
434 2211 510 2238 non
534 2198 804 2237 indicativum:
833 2199 914 2236 998
942 2193 1016 2249 (=
1036 2209 1121 2236 cum
1143 2193 1256 2250 non),

377 2258 571 2295 futurum:
600 2258 729 2306 18283

372 2316 675 2355 coniunctivum:
711 2316 795 2354 690
825 2309 937 2367 (ante
966 2316 1064 2362 quod
1092 2316 1199 2353 nobis
1226 2315 1366 2362 liquere
1388 2325 1465 2352 non
1483 2317 1621 2362 potest,
1653 2316 1688 2354 si
1711 2327 1788 2354 non

254 2377 369 2423 prius
387 2405 395 2413 .
416 2406 424 2413 .
445 2401 450 2410 .
474 2404 482 2413 .
502 2375 717 2422 dispexeris.
761 2373 944 2411 Dubitari
969 2375 1102 2412 autem
1126 2374 1273 2423 potest,
1298 2375 1431 2411 utrum
1456 2373 1665 2421 dispexeris
1689 2373 1786 2412 coni.

260 2434 357 2482 perf.
377 2433 430 2472 sit
453 2445 504 2470 an
528 2433 600 2471 fut.
621 2445 690 2482 ex„
716 2432 763 2471 cf.
784 2446 820 2481 p.
842 2426 957 2484 346),
984 2432 1080 2478 808,
1106 2433 1200 2471 810.

377 2491 427 2528 Vi
457 2491 740 2542 interrogativa
762 2490 956 2540 particula
980 2492 1014 2528 si
1037 2490 1098 2528 bis
1123 2489 1302 2540 praedita
1326 2491 1404 2540 est,
1436 2489 1484 2529 ef.
1507 2502 1544 2539 p.
1565 2490 1647 2528 347
1674 2489 1790 2528 huius

259 2551 337 2598 lib„
370 2550 436 2588 ubi
465 2550 570 2589 locos
601 2548 779 2600 congessi
811 2543 871 2601 (v.
892 2549 975 2587 294
990 2560 1071 2599 sqq.
1092 2552 1132 2587 et
1151 2561 1185 2588 v.
1207 2542 1357 2601 2528).
1405 2547 1480 2587 Hie
1508 2547 1725 2598 particulae
1755 2548 1792 2585 si

260 2621 354 2646 usus
380 2620 458 2646 non
483 2608 540 2646 ita
563 2619 676 2646 rarus
702 2609 763 2646 est
787 2605 892 2656 apud
917 2607 1084 2646 comicos
1108 2609 1272 2657 veteres,
1291 2606 1497 2645 Vitruvius
1516 2605 1556 2644 in
1575 2604 1787 2644 enuntiatis

260 2666 554 2715 interrogativis
587 2666 660 2704 hac
692 2665 889 2715 particula
922 2666 1006 2704 sola
1038 2677 1134 2704 usus
1168 2668 1246 2715 est,
1280 2664 1321 2703 id
1353 2664 1457 2715 quod
1491 2665 1628 2713 postea
1660 2662 1787 2712 magis

260 2725 464 2774 magisque
488 2724 637 2762 factum
663 2726 740 2771 est,
774 2723 820 2762 cf.
842 2723 998 2773 linguas
1024 2723 1266 2762 Romanicas.
1316 2722 1391 2761 Sed
1416 2721 1534 2761 etiam
1558 2720 1671 2770 Prop.
1692 2720 1787 2760 Hor.

259 2783 326 2820 alii
360 2783 569 2832 scriptores
600 2784 634 2820 si
664 2783 721 2821 ita
752 2784 1060 2831 usurpaverunt,
1090 2782 1138 2820 ef.
1158 2781 1335 2820 Sehmalz
1359 2792 1420 2830 ap.
1438 2779 1505 2818 Iw.
1525 2774 1664 2828 M.11²‚
1689 2779 1787 2829 476,

258 2840 282 2888 ἓ
304 2842 385 2879 215
420 2841 492 2878 sub
523 2840 587 2879 fin.
613 2843 653 2879 et
684 2841 825 2889 Draeg.
850 2835 907 2878 11²
941 2853 977 2889 p.
1005 2841 1086 2879 736
1102 2851 1184 2890 sqq.
1256 2839 1315 2877 De
1346 2838 1459 2877 modo
1492 2837 1703 2876 indicativo
1737 2838 1785 2875 cf.

259 2911 359 2947 quae
383 2912 419 2947 p.
442 2900 524 2937 346
545 2911 601 2947 sq.
628 2898 717 2937 dixi.
